property,date,price,bedrooms,bathrooms,sqft_living,sqft_lot,floors,waterfront,view,condition,grade,sqft_above,sqft_basement,yr_built,yr_renovated,zipcode,sqft_living15,sqft_lot15,lat,long,Date,year,month,day
5467900070,20140502,3.42E+05,3,2,1930,11947,1,0,0,4,8,1930,0,1966,0,98042,2200,12825,47.3672,-122.151,2014/5/2,2014,5,2
7197300105,20140502,5.50E+05,4,2.5,1940,10500,1,0,0,4,7,1140,800,1976,0,98052,2200,10500,47.683,-122.114,2014/5/2,2014,5,2
7525100520,20140502,3.35E+05,2,2,1350,2560,1,0,0,3,8,1350,0,1976,0,98052,1790,2560,47.6344,-122.107,2014/5/2,2014,5,2
2591720070,20140502,4.82E+05,4,2.5,2710,35868,2,0,0,3,9,2710,0,1989,0,98038,2780,36224,47.375,-122.022,2014/5/2,2014,5,2
7739100015,20140502,4.63E+05,3,1.75,1710,7320,1,0,0,3,7,1710,0,1948,0,98155,2260,8839,47.7512,-122.281,2014/5/2,2014,5,2
4217401055,20140502,1.40E+06,4,2.5,2920,4000,1.5,0,0,5,8,1910,1010,1909,0,98105,2470,4000,47.6578,-122.28,2014/5/2,2014,5,2
3390600010,20140502,3.65E+05,3,1,1090,6435,1,0,0,4,7,1090,0,1955,0,98106,1340,6435,47.5334,-122.365,2014/5/2,2014,5,2
4219400290,20140502,1.20E+06,5,2.75,2910,9480,1.5,0,0,3,8,2910,0,1939,0,98105,2940,6600,47.6552,-122.278,2014/5/2,2014,5,2
2618300080,20140502,2.43E+05,3,1.5,1200,9720,1,0,0,4,7,1200,0,1965,0,98042,1380,10284,47.4225,-122.153,2014/5/2,2014,5,2
3328500250,20140502,2.85E+05,4,2.5,2200,9397,2,0,0,3,8,2200,0,1987,0,98001,2310,9176,47.3406,-122.269,2014/5/2,2014,5,2
2011000010,20140502,2.58E+05,3,1.75,1370,5858,1,0,0,3,7,1370,0,1987,0,98198,1400,7500,47.3815,-122.313,2014/5/2,2014,5,2
776600130,20140502,2.75E+05,3,1.5,1180,10277,1,0,0,3,6,1180,0,1983,0,98045,1680,11104,47.488,-121.787,2014/5/2,2014,5,2
5652600185,20140502,7.50E+05,3,1.75,2240,10578,2,0,0,5,8,1550,690,1923,0,98115,1570,10578,47.6954,-122.292,2014/5/2,2014,5,2
1962200037,20140502,6.26E+05,3,2.25,1750,1572,2.5,0,0,3,9,1470,280,2005,0,98102,2410,3050,47.6498,-122.321,2014/5/2,2014,5,2
1088800850,20140502,6.13E+05,4,2.5,2730,12261,2,0,0,3,9,2730,0,1991,0,98011,2730,10872,47.7419,-122.205,2014/5/2,2014,5,2
472000620,20140502,7.90E+05,3,2.5,2600,4750,1,0,0,4,9,1700,900,1951,0,98117,2380,4750,47.6833,-122.4,2014/5/2,2014,5,2
3876200060,20140502,3.83E+05,4,1.75,1560,8700,1,0,0,4,7,1560,0,1967,0,98034,2080,8000,47.7274,-122.181,2014/5/2,2014,5,2
7305300695,20140502,6.25E+05,4,2.5,2820,8408,2,0,0,3,9,2820,0,2014,0,98155,1300,8408,47.7538,-122.325,2014/5/2,2014,5,2
3221059036,20140502,4.00E+05,4,2.5,3630,42884,1.5,0,0,3,9,2300,1330,1979,0,98092,2830,80148,47.2617,-122.19,2014/5/2,2014,5,2
1982201345,20140502,4.40E+05,2,1,800,4850,1,0,0,4,7,800,0,1944,0,98107,1150,4365,47.6639,-122.364,2014/5/2,2014,5,2
2025700730,20140502,2.87E+05,3,3,1850,19966,1,0,0,4,7,1090,760,1992,0,98038,1410,6715,47.3493,-122.034,2014/5/2,2014,5,2
5072200040,20140502,4.03E+05,3,2,1960,13100,1,0,2,5,8,1650,310,1957,0,98166,1960,10518,47.4419,-122.34,2014/5/2,2014,5,2
943100683,20140502,3.35E+05,3,2.25,1580,16215,1,0,0,4,7,1580,0,1978,0,98024,1450,16215,47.5643,-121.897,2014/5/2,2014,5,2
2391600950,20140502,4.40E+05,3,2.5,1770,2875,2,0,0,3,8,1770,0,1990,0,98116,1770,3833,47.5631,-122.397,2014/5/2,2014,5,2
1771000430,20140502,3.15E+05,3,1,1160,9180,1,0,0,3,7,1160,0,1968,0,98077,1160,10282,47.7427,-122.072,2014/5/2,2014,5,2
6403500290,20140502,4.08E+05,3,2.5,1930,10460,2,0,0,3,8,1930,0,1996,0,98059,2290,8228,47.4938,-122.161,2014/5/2,2014,5,2
8673400086,20140502,4.46E+05,3,2.5,1270,1180,3,0,0,3,8,1270,0,2001,0,98107,1320,1180,47.6697,-122.392,2014/5/2,2014,5,2
2326059099,20140502,8.38E+05,4,2.5,3310,42998,2,0,0,3,9,3310,0,2001,0,98052,3350,42847,47.7232,-122.131,2014/5/2,2014,5,2
7525410190,20140502,5.50E+05,3,1.75,2910,35200,1.5,0,0,3,8,2910,0,1979,0,98075,2590,37500,47.5747,-122.035,2014/5/2,2014,5,2
2201501015,20140502,4.30E+05,4,1.5,1920,10000,1,0,0,4,7,1070,850,1954,0,98006,1450,10836,47.5725,-122.133,2014/5/2,2014,5,2
2423600100,20140502,4.92E+05,4,1.75,2190,125452,1,0,2,3,9,2190,0,1968,0,98092,3000,125017,47.2703,-122.069,2014/5/2,2014,5,2
2771102144,20140502,3.85E+05,3,3.25,1320,1327,2,0,0,3,8,1040,280,2008,0,98199,1440,1263,47.6506,-122.383,2014/5/2,2014,5,2
3438501320,20140502,2.95E+05,2,2.5,1630,1368,2,0,0,3,7,1280,350,2009,0,98106,1590,2306,47.5489,-122.363,2014/5/2,2014,5,2
8564860280,20140502,4.60E+05,3,2.5,2680,5539,2,0,0,3,8,2680,0,2013,0,98045,2990,6037,47.4761,-121.734,2014/5/2,2014,5,2
3832050580,20140502,3.00E+05,3,2.5,2540,5050,2,0,0,3,7,2540,0,2006,0,98042,2280,5050,47.3358,-122.055,2014/5/2,2014,5,2
8682250090,20140504,7.75E+05,2,2.5,2680,7392,1,0,0,3,9,2680,0,2004,0,98053,2315,7045,47.717,-122.026,2014/5/4,2014,5,4
2591830130,20140504,3.65E+05,3,2.5,2200,7350,1,0,0,5,8,1570,630,1988,0,98058,2350,7557,47.4395,-122.161,2014/5/4,2014,5,4
4137010530,20140504,3.32E+05,4,2.5,2530,9933,2,0,2,3,8,2010,520,1990,0,98092,2140,9933,47.2654,-122.216,2014/5/4,2014,5,4
9829201058,20140504,7.84E+05,3,2.5,2850,7130,2,0,0,3,10,1990,860,1980,0,98122,2280,6459,47.603,-122.289,2014/5/4,2014,5,4
1954440060,20140505,5.60E+05,3,2.5,1900,8744,2,0,0,3,8,1900,0,1987,0,98074,2030,8744,47.62,-122.043,2014/5/5,2014,5,5
325059171,20140505,9.00E+05,3,1,1330,77972,1,0,0,3,7,1330,0,1928,1954,98033,1340,17689,47.6891,-122.159,2014/5/5,2014,5,5
6865200444,20140505,5.31E+05,2,3,1270,1175,2,0,0,3,8,1110,160,2000,0,98103,1290,1800,47.6634,-122.34,2014/5/5,2014,5,5
9828700200,20140505,8.31E+05,4,3,2170,4000,2,0,0,4,9,1610,560,1982,2011,98112,1670,4000,47.6196,-122.292,2014/5/5,2014,5,5
1549500370,20140505,2.10E+05,3,1,1340,306848,1,0,0,3,5,1340,0,1953,0,98019,1800,128066,47.7534,-121.912,2014/5/5,2014,5,5
9512000140,20140505,7.55E+05,4,2.5,2120,10202,1,0,0,4,7,1620,500,1960,0,98005,1570,10762,47.5858,-122.17,2014/5/5,2014,5,5
3629910240,20140505,7.05E+05,3,2.5,2490,4343,2,0,0,3,9,2490,0,2003,0,98029,2130,4106,47.5493,-121.993,2014/5/5,2014,5,5
6896300375,20140505,5.80E+05,2,1,2540,7000,1,0,0,5,8,1320,1220,1942,0,98118,2160,6000,47.5259,-122.261,2014/5/5,2014,5,5
5561301280,20140505,4.10E+05,3,2.25,1800,36704,1,0,0,4,8,1360,440,1978,0,98027,2730,36404,47.4688,-122.013,2014/5/5,2014,5,5
3574801780,20140505,4.85E+05,4,3,2340,7048,1,0,0,4,8,1340,1000,1979,0,98034,1440,8088,47.7306,-122.227,2014/5/5,2014,5,5
5589900590,20140505,4.00E+05,2,1.75,2110,9519,1,0,0,2,7,2110,0,1948,0,98155,1480,9519,47.7504,-122.306,2014/5/5,2014,5,5
9828700900,20140505,5.49E+05,2,1,1140,5400,1,0,0,5,7,1140,0,1908,0,98112,1520,4800,47.6205,-122.294,2014/5/5,2014,5,5
2488200459,20140505,4.05E+05,2,3,1410,1240,2,0,0,3,8,1140,270,2006,0,98136,1410,1273,47.5221,-122.39,2014/5/5,2014,5,5
2946001645,20140505,2.32E+05,2,1,1200,8063,1,0,0,4,6,1200,0,1958,0,98198,1200,7500,47.4204,-122.324,2014/5/5,2014,5,5
3619600143,20140505,6.50E+05,3,1.5,2160,9000,1,0,2,4,8,1400,760,1949,0,98177,3010,9000,47.7241,-122.369,2014/5/5,2014,5,5
6821101870,20140505,5.24E+05,3,1.75,1560,5520,1,0,0,4,6,780,780,1944,0,98199,1470,6000,47.6515,-122.399,2014/5/5,2014,5,5
9822700255,20140505,6.70E+05,3,2.5,1680,2000,3,0,0,3,9,1680,0,1909,1998,98105,1950,5000,47.6604,-122.29,2014/5/5,2014,5,5
1196000007,20140505,3.85E+05,5,2.5,3090,12750,1,0,0,3,8,1750,1340,1968,0,98023,1760,25919,47.3408,-122.335,2014/5/5,2014,5,5
4309710250,20140505,7.37E+05,4,2.5,3180,21904,2,0,3,3,9,3180,0,2000,0,98059,3715,29170,47.515,-122.117,2014/5/5,2014,5,5
6143600580,20140505,1.84E+05,3,1.75,1490,10125,1,0,0,4,7,1490,0,1962,0,98001,2488,4981,47.3075,-122.284,2014/5/5,2014,5,5
23500180,20140505,5.70E+05,3,2.25,2010,6000,1,0,0,3,8,1330,680,1975,0,98052,2080,8260,47.6912,-122.115,2014/5/5,2014,5,5
259600530,20140505,5.01E+05,4,1,2070,7519,1,0,0,3,7,1160,910,1963,0,98008,1730,7519,47.632,-122.119,2014/5/5,2014,5,5
2487700065,20140505,4.00E+05,2,1,840,5510,1,0,0,3,7,840,0,1955,0,98136,1630,5510,47.5247,-122.391,2014/5/5,2014,5,5
1898700310,20140505,2.20E+05,4,1.5,1240,9600,1,0,0,3,7,1240,0,1971,0,98023,1240,9592,47.3206,-122.397,2014/5/5,2014,5,5
1402810140,20140505,3.00E+05,3,2,1050,10072,1,0,0,3,7,1050,0,1986,0,98019,1130,10087,47.7341,-121.976,2014/5/5,2014,5,5
1823069155,20140505,5.26E+05,5,1.75,2550,71874,1,0,0,5,7,1810,740,1960,0,98027,2170,51400,47.4845,-122.08,2014/5/5,2014,5,5
1861400060,20140505,7.40E+05,4,1.75,2010,3600,1.5,0,0,3,7,2010,0,1902,0,98119,2010,3600,47.6337,-122.371,2014/5/5,2014,5,5
1446403305,20140505,2.06E+05,2,1,810,7158,1,0,0,5,6,810,0,1944,0,98168,1090,7158,47.4882,-122.325,2014/5/5,2014,5,5
1225069038,20140505,2.28E+06,7,8,13540,307752,3,0,4,3,12,9410,4130,1999,0,98053,4850,217800,47.6675,-121.986,2014/5/5,2014,5,5
6402710120,20140505,3.10E+05,3,2.5,1880,7838,2,0,0,3,7,1880,0,1994,0,98055,1810,7915,47.4439,-122.19,2014/5/5,2014,5,5
263000155,20140505,4.18E+05,3,2,1410,6030,1.5,0,0,4,7,1410,0,1930,0,98103,1410,6300,47.6994,-122.347,2014/5/5,2014,5,5
6145600865,20140505,4.49E+05,4,2,1480,3844,1.5,0,0,5,7,1480,0,1928,0,98133,1480,3844,47.7042,-122.352,2014/5/5,2014,5,5
3329520410,20140505,2.45E+05,3,1.75,1920,9306,1,0,0,3,7,1000,920,1984,0,98001,1860,8458,47.3319,-122.267,2014/5/5,2014,5,5
8653900150,20140505,8.00E+05,3,2.5,3240,7857,2,0,0,3,10,3240,0,1994,0,98075,2970,7857,47.5857,-122.038,2014/5/5,2014,5,5
1823069213,20140505,2.50E+05,3,2,1550,15040,1,0,0,4,6,1550,0,1958,0,98059,1510,41416,47.4873,-122.099,2014/5/5,2014,5,5
7784400130,20140505,4.97E+05,6,2.75,3200,9200,1,0,2,4,8,1600,1600,1953,0,98146,2220,9500,47.492,-122.364,2014/5/5,2014,5,5
4385700425,20140505,1.43E+06,2,2.5,2220,4000,2,0,0,3,9,2220,0,2000,0,98112,1870,4000,47.6364,-122.28,2014/5/5,2014,5,5
2790410250,20140505,6.15E+05,4,1.75,2300,11700,1,0,0,4,9,1960,340,1977,0,98052,2840,12000,47.6331,-122.094,2014/5/5,2014,5,5
1868900775,20140505,6.19E+05,3,2,1800,5000,1,0,0,4,7,1080,720,1942,0,98115,1800,5000,47.6738,-122.297,2014/5/5,2014,5,5
2558720120,20140505,4.88E+05,4,1.75,2010,9211,1,0,0,3,7,1470,540,1977,0,98034,1840,8500,47.7206,-122.171,2014/5/5,2014,5,5
1862400176,20140505,6.32E+05,4,2.5,2440,6651,2,0,0,3,9,2440,0,2014,0,98117,1350,7653,47.6971,-122.371,2014/5/5,2014,5,5
8648900110,20140505,5.55E+05,3,2.5,1940,3211,2,0,0,3,8,1940,0,2009,0,98027,1880,3078,47.5644,-122.093,2014/5/5,2014,5,5
3644100086,20140505,3.40E+05,2,1.5,1160,1438,2,0,0,3,7,1160,0,2001,0,98144,1220,1740,47.5917,-122.295,2014/5/5,2014,5,5
8562710250,20140505,8.90E+05,4,4.25,4420,5750,2,0,0,3,10,3410,1010,2006,0,98027,4420,5750,47.5404,-122.073,2014/5/5,2014,5,5
6632300212,20140505,3.67E+05,3,3,1571,2017,3,0,0,3,8,1571,0,2008,0,98125,1520,1497,47.7338,-122.309,2014/5/5,2014,5,5
259500270,20140505,4.78E+05,3,2.5,3040,4535,2,0,0,3,9,3040,0,2007,0,98056,2670,4666,47.51,-122.185,2014/5/5,2014,5,5
8138870530,20140505,4.19E+05,2,2.5,1590,1426,2,0,0,3,8,1590,0,2014,0,98029,1590,1426,47.5441,-122.013,2014/5/5,2014,5,5
6666830250,20140505,7.12E+05,4,2.5,2450,4247,2,0,0,3,8,2450,0,2013,0,98052,2970,4685,47.7048,-122.113,2014/5/5,2014,5,5
3754700160,20140506,3.97E+05,4,2,1440,7680,1,0,0,3,7,1200,240,1971,0,98034,1460,9660,47.7245,-122.2,2014/5/6,2014,5,6
5701800030,20140506,6.09E+05,4,2.5,2150,37981,2,0,0,3,9,2150,0,1985,0,98052,2450,37981,47.7227,-122.098,2014/5/6,2014,5,6
3176100110,20140506,6.50E+05,3,1.5,1630,7475,1,0,1,3,7,1160,470,1940,0,98115,2320,7475,47.6725,-122.272,2014/5/6,2014,5,6
3524039209,20140506,1.14E+06,4,2.75,3370,8103,1,0,3,3,9,1970,1400,1970,2014,98136,2120,6360,47.5232,-122.383,2014/5/6,2014,5,6
9477001280,20140506,4.25E+05,4,2,1520,7983,1,0,0,5,7,1520,0,1967,0,98034,1520,7783,47.7357,-122.193,2014/5/6,2014,5,6
4302200535,20140506,2.19E+05,2,1,900,5160,1,0,0,3,6,900,0,1952,0,98106,900,5160,47.525,-122.356,2014/5/6,2014,5,6
4040800090,20140506,3.90E+05,3,1.75,1260,6500,1,0,0,4,7,1260,0,1966,0,98008,1500,7700,47.6224,-122.116,2014/5/6,2014,5,6
114100745,20140506,4.75E+05,6,3,3470,117612,1.5,0,0,3,7,3470,0,1924,0,98028,2120,17100,47.7663,-122.234,2014/5/6,2014,5,6
8656300380,20140506,2.72E+05,3,2.5,1650,13816,2,0,0,3,7,1650,0,1998,0,98014,1650,15144,47.6553,-121.912,2014/5/6,2014,5,6
2923049372,20140506,3.62E+05,3,2.25,1640,14374,1,0,0,4,7,1140,500,1963,0,98148,2020,10500,47.4476,-122.332,2014/5/6,2014,5,6
9564800145,20140506,1.75E+05,3,1,1010,7034,1,0,0,3,7,1010,0,1954,0,98055,1440,10994,47.49,-122.22,2014/5/6,2014,5,6
9828702513,20140506,4.60E+05,2,2.25,1230,929,2,0,0,3,8,1020,210,2004,0,98122,1270,1370,47.6191,-122.301,2014/5/6,2014,5,6
2558700090,20140506,4.55E+05,5,2.5,2240,7770,1,0,0,3,7,1340,900,1978,0,98034,1820,7770,47.7198,-122.171,2014/5/6,2014,5,6
1777600230,20140506,6.10E+05,4,3,2450,10117,1,0,0,5,8,1580,870,1967,0,98006,2530,10125,47.5694,-122.132,2014/5/6,2014,5,6
579002870,20140506,6.13E+05,4,2,2060,5000,1,0,0,3,7,1030,1030,1949,2013,98117,1280,5000,47.6992,-122.379,2014/5/6,2014,5,6
1995200200,20140506,3.14E+05,3,1,1510,6083,1,0,0,4,6,860,650,1940,0,98115,1510,5712,47.6966,-122.324,2014/5/6,2014,5,6
2771600350,20140506,5.75E+05,3,1.75,2130,6500,1,0,2,3,8,1170,960,1954,0,98199,2020,5000,47.6424,-122.386,2014/5/6,2014,5,6
1068000520,20140506,1.23E+06,4,2.25,3490,6906,2,0,0,4,10,2280,1210,1928,0,98199,2540,6223,47.6424,-122.407,2014/5/6,2014,5,6
6070500055,20140506,5.99E+05,4,2.25,2260,29930,2,0,0,4,8,1400,860,1977,0,98006,2770,29930,47.5689,-122.126,2014/5/6,2014,5,6
6150700394,20140506,3.65E+05,3,1.5,1310,8160,1,0,0,3,7,1310,0,1950,0,98133,1090,7560,47.7291,-122.339,2014/5/6,2014,5,6
6751300065,20140506,5.18E+05,3,1.5,1430,8000,1,0,0,4,7,1430,0,1956,0,98007,1450,8000,47.5874,-122.136,2014/5/6,2014,5,6
3396820150,20140506,5.62E+05,5,2.25,3040,8111,2,0,0,3,8,3040,0,1984,0,98052,2020,8304,47.7157,-122.103,2014/5/6,2014,5,6
7300200290,20140506,6.50E+05,5,3.5,3480,36615,2,0,0,4,8,2490,990,1983,0,98075,2540,35910,47.5741,-122.05,2014/5/6,2014,5,6
2436200715,20140506,4.84E+05,2,1.75,1660,6000,1,0,0,3,7,1160,500,1942,0,98105,1660,4000,47.6624,-122.291,2014/5/6,2014,5,6
3205100130,20140506,3.87E+05,3,1,1230,9568,1,0,0,5,7,1230,0,1962,0,98056,1270,9575,47.539,-122.179,2014/5/6,2014,5,6
3862400050,20140506,4.65E+05,3,2.25,1970,11088,1,0,0,4,8,1180,790,1967,0,98155,1970,10470,47.7651,-122.277,2014/5/6,2014,5,6
226039075,20140506,6.56E+05,4,3.5,3380,8330,2,0,0,3,8,3380,0,2000,0,98177,2220,8330,47.7741,-122.379,2014/5/6,2014,5,6
9482700440,20140506,5.33E+05,5,2.75,1800,3780,1.5,0,0,3,7,1400,400,1926,0,98103,1400,3780,47.6831,-122.343,2014/5/6,2014,5,6
2742100009,20140506,3.85E+05,3,1.75,1900,5520,1,0,0,3,7,1280,620,1982,0,98118,1330,5196,47.5549,-122.292,2014/5/6,2014,5,6
9550200650,20140506,4.99E+05,2,1.75,1170,2400,1,0,0,4,7,740,430,1903,0,98103,1570,3919,47.6653,-122.333,2014/5/6,2014,5,6
2025049161,20140506,1.05E+06,3,2.5,2200,1970,2,0,0,3,9,1610,590,2008,0,98102,1890,3505,47.6426,-122.327,2014/5/6,2014,5,6
1788700230,20140506,1.91E+05,3,1.5,800,8850,1,0,0,4,6,800,0,1959,0,98023,820,8775,47.3266,-122.348,2014/5/6,2014,5,6
9828702265,20140506,5.00E+05,3,2.5,1480,1171,3,0,0,3,8,1480,0,2006,0,98112,1480,1231,47.62,-122.3,2014/5/6,2014,5,6
993000327,20140506,3.70E+05,3,2,1270,1320,3,0,0,3,8,1270,0,2006,0,98103,1370,1320,47.6937,-122.342,2014/5/6,2014,5,6
524059063,20140506,1.80E+06,5,5,4490,10279,2,0,0,3,10,3930,560,2013,0,98004,2490,10279,47.5974,-122.202,2014/5/6,2014,5,6
2985800030,20140507,4.95E+05,3,1,990,6000,1,0,0,3,6,990,0,1943,0,98105,1250,6000,47.6718,-122.267,2014/5/7,2014,5,7
6332940070,20140507,5.10E+05,4,2.5,2430,5203,2,0,0,3,8,2430,0,2003,0,98155,2260,7474,47.7402,-122.317,2014/5/7,2014,5,7
1117200390,20140507,1.15E+06,4,4,4460,103382,2,0,0,3,11,4460,0,2001,0,98053,3470,88519,47.634,-121.997,2014/5/7,2014,5,7
5636000400,20140507,2.53E+05,3,1.75,1250,10122,1,0,0,3,7,1250,0,1994,0,98010,1980,10175,47.3277,-122.001,2014/5/7,2014,5,7
2322069168,20140507,6.30E+05,3,2.5,2680,327135,2,0,0,3,8,2680,0,1995,0,98010,2020,60080,47.3783,-122.003,2014/5/7,2014,5,7
7932000078,20140507,3.10E+05,3,1.75,2070,37904,1,0,0,4,7,1420,650,1973,0,98058,2011,19110,47.425,-122.186,2014/5/7,2014,5,7
1425059178,20140507,4.60E+05,3,2,1760,9055,2,0,0,4,7,1760,0,1985,0,98052,2010,9383,47.6534,-122.128,2014/5/7,2014,5,7
2785000290,20140507,6.75E+05,3,1.75,1680,10500,1,0,0,4,8,1680,0,1959,0,98005,2250,10400,47.6098,-122.169,2014/5/7,2014,5,7
1972201856,20140507,5.26E+05,2,2,1550,2400,1.5,0,0,4,7,1550,0,1900,0,98103,1180,1224,47.654,-122.346,2014/5/7,2014,5,7
425079099,20140507,5.60E+05,3,3,4120,60392,2,0,2,3,9,3180,940,1994,0,98014,2770,64033,47.6804,-121.913,2014/5/7,2014,5,7
7503000020,20140507,4.15E+05,4,3,1830,9548,2,0,0,3,7,1830,0,1991,0,98028,1740,9750,47.7379,-122.224,2014/5/7,2014,5,7
7159200005,20140507,3.20E+06,7,4.5,6210,8856,2.5,0,2,5,11,4760,1450,1910,0,98109,2940,5400,47.6307,-122.354,2014/5/7,2014,5,7
1822300040,20140507,4.20E+05,2,1.5,1040,3500,1.5,0,0,4,6,1040,0,1904,0,98144,1340,1213,47.588,-122.304,2014/5/7,2014,5,7
2726079061,20140507,5.35E+05,3,1.75,2720,149410,1.5,0,0,3,9,2720,0,1988,0,98014,2560,149410,47.7092,-121.892,2014/5/7,2014,5,7
142000165,20140507,7.50E+05,4,2.75,2600,6050,2,0,0,5,8,1960,640,1949,0,98116,1990,6050,47.5656,-122.4,2014/5/7,2014,5,7
7882900120,20140507,2.30E+05,3,2.5,1920,9180,2,0,0,3,8,1920,0,1988,0,98055,1930,7252,47.4818,-122.231,2014/5/7,2014,5,7
8679600150,20140507,5.81E+05,4,2,2510,13695,1,0,0,4,7,1280,1230,1961,2001,98033,1220,12500,47.7005,-122.174,2014/5/7,2014,5,7
6865200831,20140507,4.75E+05,2,1,820,2723,1,0,0,3,7,820,0,1921,0,98103,1370,3850,47.6623,-122.339,2014/5/7,2014,5,7
8682230400,20140507,4.28E+05,2,2,1350,3900,1,0,0,3,8,1350,0,2003,0,98053,1440,3900,47.7094,-122.03,2014/5/7,2014,5,7
8825900465,20140507,5.99E+05,3,1.75,1960,4788,1,0,0,4,7,1090,870,1920,0,98115,1960,3960,47.6746,-122.312,2014/5/7,2014,5,7
3073500045,20140507,4.92E+05,4,2.5,3305,16164,1.5,0,0,5,7,2245,1060,1922,1956,98133,1620,8883,47.7563,-122.338,2014/5/7,2014,5,7
2926069083,20140507,9.00E+05,5,3.75,4130,226076,2,0,0,3,9,3170,960,1985,0,98077,4130,55321,47.715,-122.065,2014/5/7,2014,5,7
9274201006,20140507,7.05E+05,4,2.5,2650,4316,1.5,0,0,3,8,1520,1130,1905,2013,98116,1690,5625,47.5866,-122.389,2014/5/7,2014,5,7
7548300441,20140507,3.00E+05,2,1,760,3001,1,0,0,3,6,760,0,1913,0,98144,1750,5000,47.5874,-122.311,2014/5/7,2014,5,7
1900600040,20140507,2.65E+05,5,1.5,1500,7112,1,0,0,5,6,760,740,1920,0,98166,1200,7112,47.4692,-122.35,2014/5/7,2014,5,7
1338800365,20140507,1.50E+06,6,2.5,3560,6480,2.5,0,0,4,11,3560,0,1914,0,98112,2780,6480,47.627,-122.304,2014/5/7,2014,5,7
1370803460,20140507,1.34E+06,3,3,2960,5500,2,0,2,3,10,2440,520,1937,1990,98199,2960,5876,47.6356,-122.402,2014/5/7,2014,5,7
7697870530,20140507,2.40E+05,3,2,1410,7566,1,0,0,3,7,1410,0,1985,0,98030,1570,7210,47.3674,-122.182,2014/5/7,2014,5,7
1394300005,20140507,3.61E+05,2,1,820,6400,1,0,0,4,7,820,0,1944,0,98126,1490,6400,47.55,-122.379,2014/5/7,2014,5,7
8121100255,20140507,4.40E+05,3,1.75,1500,6180,1,0,0,4,6,1060,440,1947,0,98118,1740,6180,47.5689,-122.284,2014/5/7,2014,5,7
8155850010,20140507,6.75E+05,4,4,3680,18804,2,0,0,3,10,3680,0,1990,0,98074,3200,15954,47.6193,-122.014,2014/5/7,2014,5,7
9545230280,20140507,5.60E+05,3,2,1860,13374,1,0,0,3,8,1860,0,1985,0,98027,1960,9797,47.5397,-122.054,2014/5/7,2014,5,7
6146600185,20140507,1.60E+05,2,1,1040,13100,1,0,0,5,6,1040,0,1912,0,98032,910,5080,47.3877,-122.234,2014/5/7,2014,5,7
6093900280,20140507,2.10E+05,3,1.5,1380,11130,1,0,0,3,7,1380,0,1960,0,98003,1380,9200,47.3146,-122.323,2014/5/7,2014,5,7
8648220150,20140507,2.27E+05,3,1.75,1640,10762,1,0,0,3,7,1130,510,1988,0,98042,1680,10259,47.3586,-122.074,2014/5/7,2014,5,7
6708200040,20140507,4.10E+05,4,2.75,2140,13000,1,0,0,3,7,1320,820,1968,0,98028,2360,11000,47.7683,-122.252,2014/5/7,2014,5,7
2325039067,20140507,6.90E+05,3,2,1760,6428,1,0,0,4,7,980,780,1942,0,98199,1760,6004,47.6388,-122.397,2014/5/7,2014,5,7
7401000040,20140507,4.05E+05,3,2.25,1660,8307,1,0,0,4,8,1660,0,1961,0,98133,2510,7800,47.7575,-122.352,2014/5/7,2014,5,7
2548100180,20140507,3.35E+05,3,2,1570,7200,1,0,0,4,7,1570,0,1952,0,98155,1410,7434,47.7501,-122.314,2014/5/7,2014,5,7
3758900259,20140507,1.04E+06,4,3.5,3900,8391,2,0,0,3,10,3900,0,2006,0,98033,3820,12268,47.6979,-122.205,2014/5/7,2014,5,7
4014400381,20140507,4.95E+05,4,2.75,2656,21195,2,0,0,3,9,2656,0,2014,0,98001,1860,16510,47.3162,-122.272,2014/5/7,2014,5,7
1601600167,20140507,3.65E+05,5,2.75,2410,5003,1,0,0,3,7,1410,1000,2008,0,98118,1590,5003,47.5298,-122.274,2014/5/7,2014,5,7
3753000010,20140507,4.17E+05,3,2.25,1606,1452,3,0,0,3,8,1606,0,2009,0,98125,1516,1939,47.7175,-122.284,2014/5/7,2014,5,7
9521100301,20140507,3.40E+05,2,1,820,681,3,0,0,3,8,820,0,2006,0,98103,820,1156,47.6619,-122.352,2014/5/7,2014,5,7
8566100200,20140508,9.80E+05,5,2.5,3160,11470,1,0,0,4,9,1780,1380,1971,0,98040,3260,11470,47.5368,-122.216,2014/5/8,2014,5,8
4167300350,20140508,2.58E+05,4,1.75,1730,8320,1,0,0,3,7,1230,500,1977,0,98023,1840,9800,47.327,-122.361,2014/5/8,2014,5,8
6127011000,20140508,5.38E+05,4,2.5,2550,4630,2,0,0,3,7,2550,0,2005,0,98075,2550,5151,47.5928,-122.004,2014/5/8,2014,5,8
128500260,20140508,2.62E+05,4,2.5,2020,6236,2,0,0,3,7,2020,0,2002,0,98001,1940,5076,47.2796,-122.247,2014/5/8,2014,5,8
6706600090,20140508,4.02E+05,3,2.5,1960,8000,1,0,0,4,7,1290,670,1977,0,98034,1960,8000,47.7249,-122.178,2014/5/8,2014,5,8
4302201130,20140508,2.05E+05,2,1,720,5040,1,0,0,3,6,720,0,1955,0,98106,1357,5120,47.5267,-122.36,2014/5/8,2014,5,8
5332200026,20140508,5.54E+05,2,2.5,1360,1349,2,0,0,3,8,1050,310,1997,0,98112,1430,4400,47.6254,-122.292,2014/5/8,2014,5,8
8857600820,20140508,2.60E+05,4,1.5,2130,8800,1,0,0,3,7,1100,1030,1962,0,98032,1480,8120,47.383,-122.288,2014/5/8,2014,5,8
5468730110,20140508,2.70E+05,4,2.5,1810,6509,2,0,0,3,7,1810,0,1994,0,98042,1760,7417,47.3531,-122.143,2014/5/8,2014,5,8
9151600541,20140508,7.19E+05,3,2.5,1690,4500,1.5,0,1,4,8,1690,0,1928,0,98116,2140,7200,47.5841,-122.383,2014/5/8,2014,5,8
5420800010,20140508,2.66E+05,3,2.5,1940,8547,1,0,0,3,7,1460,480,1989,0,98030,1750,7803,47.3491,-122.177,2014/5/8,2014,5,8
5468780250,20140508,3.26E+05,4,2.5,2320,6270,2,0,0,3,8,2320,0,2004,0,98042,2150,6270,47.3501,-122.14,2014/5/8,2014,5,8
5703000050,20140508,5.45E+05,3,2.25,1780,191228,2,0,2,3,8,1780,0,1988,0,98045,2440,87120,47.4575,-121.748,2014/5/8,2014,5,8
1200019,20140508,6.48E+05,4,1.75,2060,26036,1,0,0,4,8,1160,900,1947,0,98166,2590,21891,47.4444,-122.351,2014/5/8,2014,5,8
5700001640,20140508,1.04E+06,4,1,3410,5000,2,0,0,5,8,2190,1220,1910,0,98144,2550,5000,47.5807,-122.291,2014/5/8,2014,5,8
1026069120,20140508,5.90E+05,2,3,3160,66646,2,0,0,3,7,3160,0,1993,0,98077,3140,38790,47.7479,-122.034,2014/5/8,2014,5,8
6624010170,20140508,2.46E+05,3,1.75,1390,7399,1,0,0,4,7,1390,0,1975,0,98031,1460,7800,47.4183,-122.182,2014/5/8,2014,5,8
6813600415,20140508,5.15E+05,2,1,1060,4960,1,0,0,3,7,1060,0,1926,0,98103,1420,4960,47.6896,-122.331,2014/5/8,2014,5,8
7212650650,20140508,2.95E+05,3,2.5,1920,7229,2,0,0,3,8,1920,0,1993,0,98003,2310,8009,47.2659,-122.31,2014/5/8,2014,5,8
6381500035,20140508,3.85E+05,3,1.75,1890,9920,1,0,0,3,7,1230,660,1944,0,98125,1380,9086,47.7327,-122.306,2014/5/8,2014,5,8
4440400125,20140508,2.28E+05,4,1.75,2000,6120,1,0,0,3,7,1100,900,1965,0,98178,1880,6120,47.5035,-122.258,2014/5/8,2014,5,8
1336800240,20140508,1.75E+06,6,3,3510,5760,2.5,0,0,4,10,3510,0,1906,0,98112,3450,5760,47.6263,-122.312,2014/5/8,2014,5,8
2652500070,20140508,6.36E+05,2,1.75,1230,3600,1.5,0,0,5,7,1230,0,1925,0,98119,1210,4500,47.6423,-122.361,2014/5/8,2014,5,8
518500210,20140508,8.69E+05,3,2.5,2920,3942,3,0,0,3,10,2920,0,2008,0,98056,2920,3942,47.531,-122.204,2014/5/8,2014,5,8
179001046,20140508,2.29E+05,3,2.5,1190,3000,2,0,0,3,7,1190,0,2002,0,98178,1190,3000,47.4933,-122.275,2014/5/8,2014,5,8
1474000050,20140508,4.37E+05,3,1.75,1310,9282,1,0,0,4,7,1310,0,1976,0,98052,1310,8748,47.6844,-122.111,2014/5/8,2014,5,8
3528900086,20140508,1.31E+06,5,3.25,2800,3200,1.5,0,0,5,10,1910,890,1932,2002,98109,2450,3500,47.6421,-122.35,2014/5/8,2014,5,8
6633900170,20140508,5.95E+05,3,2.5,1750,3354,2,0,0,4,7,1750,0,1991,0,98033,1750,4286,47.6953,-122.199,2014/5/8,2014,5,8
9264950420,20140508,3.48E+05,4,2.5,2460,7350,2,0,0,3,9,2460,0,1989,0,98023,2390,8568,47.3061,-122.349,2014/5/8,2014,5,8
1823069102,20140508,5.24E+05,3,2.25,2430,73151,1,0,0,3,8,2430,0,1974,0,98059,2800,39250,47.4749,-122.092,2014/5/8,2014,5,8
2473100635,20140508,2.98E+05,3,2,1240,10800,1,0,0,3,7,1240,0,1967,2010,98058,1480,8840,47.449,-122.155,2014/5/8,2014,5,8
7957600025,20140508,2.45E+05,3,1.5,1260,7964,1,0,0,4,7,1260,0,1955,0,98148,1510,8776,47.4307,-122.334,2014/5/8,2014,5,8
7199340650,20140508,4.25E+05,3,1.75,1460,7700,1,0,0,3,7,1460,0,1979,0,98052,1720,7280,47.6981,-122.127,2014/5/8,2014,5,8
3356402020,20140508,2.30E+05,3,1,1390,16000,1,0,0,4,6,1390,0,1960,0,98001,1420,10000,47.2898,-122.251,2014/5/8,2014,5,8
8818400450,20140508,9.30E+05,3,3.25,2640,4080,2,0,0,3,9,1840,800,1912,2000,98105,1990,4080,47.6636,-122.326,2014/5/8,2014,5,8
5537200043,20140508,2.11E+05,4,1,2100,9200,1,0,0,3,7,1050,1050,1959,0,98168,1540,10033,47.476,-122.292,2014/5/8,2014,5,8
6431000206,20140508,8.35E+05,4,2,1910,6960,1.5,0,0,5,8,1910,0,1941,0,98103,1360,3300,47.6893,-122.348,2014/5/8,2014,5,8
9544700500,20140508,7.85E+05,3,2.75,3010,1842,2,0,0,3,9,3010,0,2011,0,98075,2950,4200,47.5836,-121.994,2014/5/8,2014,5,8
1931300977,20140508,5.00E+05,3,1.75,1410,1197,3,0,0,3,8,1410,0,2012,0,98103,1350,2512,47.6558,-122.348,2014/5/8,2014,5,8
8946390040,20140508,3.75E+05,6,2.25,3206,5793,2,0,0,3,7,3206,0,2012,0,98032,2527,5804,47.369,-122.287,2014/5/8,2014,5,8
1498301048,20140508,3.22E+05,2,1.25,860,1277,2,0,0,3,7,860,0,2007,0,98144,1280,1265,47.5842,-122.314,2014/5/8,2014,5,8
3362401763,20140508,4.42E+05,2,1.5,1020,1060,3,0,0,3,8,1020,0,2008,0,98103,1340,1415,47.6801,-122.348,2014/5/8,2014,5,8
9429500045,20140509,4.29E+05,3,1,1620,30736,1.5,0,0,4,7,1620,0,1911,1977,98006,2440,28826,47.5719,-122.119,2014/5/9,2014,5,9
1081300200,20140509,3.52E+05,3,2.25,1640,11050,1,0,0,4,8,1640,0,1972,0,98059,1870,11050,47.4723,-122.121,2014/5/9,2014,5,9
2296500136,20140509,8.40E+05,4,3.5,3810,13592,1,0,1,3,9,2560,1250,2013,0,98056,3230,9311,47.5134,-122.2,2014/5/9,2014,5,9
7137900320,20140509,2.25E+05,4,1,1430,8355,1.5,0,0,4,7,1430,0,1983,0,98092,1550,7938,47.3178,-122.174,2014/5/9,2014,5,9
7504010560,20140509,9.20E+05,4,3,3750,11025,2,0,0,3,10,3750,0,1976,0,98074,2930,12835,47.6367,-122.059,2014/5/9,2014,5,9
7298020240,20140509,4.03E+05,4,2.5,2600,11951,2,0,0,3,10,2600,0,1988,0,98023,2820,12093,47.3053,-122.34,2014/5/9,2014,5,9
7745000090,20140509,5.65E+05,4,2.25,2470,7447,2,0,0,3,8,2470,0,1984,0,98155,2270,7400,47.7514,-122.286,2014/5/9,2014,5,9
5393601050,20140509,4.45E+05,4,2,1650,6000,1,0,0,5,7,1000,650,1959,0,98144,1540,6000,47.5834,-122.307,2014/5/9,2014,5,9
9368700031,20140509,1.95E+05,2,1,720,18000,1,0,0,3,6,720,0,1950,0,98178,1250,7925,47.5054,-122.261,2014/5/9,2014,5,9
291300170,20140509,3.87E+05,3,2.25,1445,1606,2,0,0,3,7,1300,145,2003,0,98027,1410,1286,47.5348,-122.072,2014/5/9,2014,5,9
2769602475,20140509,4.90E+05,2,1,1840,3300,1.5,0,0,4,6,1130,710,1910,0,98107,1320,4000,47.6757,-122.362,2014/5/9,2014,5,9
2121000250,20140509,3.04E+05,3,1.5,1060,10464,1,0,0,4,7,1060,0,1973,0,98034,1420,10464,47.7313,-122.229,2014/5/9,2014,5,9
4427100025,20140509,2.70E+05,3,1.5,1500,6337,1,0,0,5,7,1500,0,1953,0,98125,1420,6337,47.7276,-122.312,2014/5/9,2014,5,9
3905040220,20140509,5.25E+05,3,2.5,2030,6970,2,0,0,4,8,2030,0,1991,0,98029,2000,6140,47.5718,-121.999,2014/5/9,2014,5,9
9510900360,20140509,2.60E+05,3,2,1920,8075,1,0,0,4,7,1510,410,1969,0,98023,1920,7826,47.3092,-122.375,2014/5/9,2014,5,9
8856004327,20140509,2.48E+05,4,3,2163,5883,2,0,0,3,7,2163,0,2006,0,98001,1700,10143,47.2734,-122.251,2014/5/9,2014,5,9
2617300200,20140509,5.32E+05,5,3,3480,57499,1,0,0,4,8,2340,1140,1976,0,98027,2020,40946,47.4574,-122.024,2014/5/9,2014,5,9
7922800160,20140509,5.12E+05,3,2,1400,7293,1,0,0,4,7,1400,0,1963,0,98008,1600,7960,47.586,-122.12,2014/5/9,2014,5,9
7202260330,20140509,5.83E+05,4,2.5,2660,4000,2,0,0,3,8,2660,0,2001,0,98053,2330,4517,47.6876,-122.038,2014/5/9,2014,5,9
8558600085,20140509,3.11E+05,4,2.25,2130,8078,1,0,0,4,7,1380,750,1977,0,98055,2300,8112,47.4482,-122.209,2014/5/9,2014,5,9
2026049124,20140509,3.25E+05,3,2.25,1352,1694,3,0,0,3,8,1352,0,2007,0,98125,1439,1387,47.7265,-122.315,2014/5/9,2014,5,9
524069115,20140509,7.59E+05,3,2.25,2950,78843,1.5,0,0,3,9,2950,0,2006,0,98075,3880,78843,47.5917,-122.068,2014/5/9,2014,5,9
8562900180,20140509,4.91E+05,3,1.75,1750,11340,1,0,1,4,7,1300,450,1987,0,98074,2310,11340,47.6099,-122.058,2014/5/9,2014,5,9
3223059141,20140509,3.60E+05,2,1,1420,81892,1,0,0,3,7,1180,240,1956,0,98055,1490,1863,47.4342,-122.195,2014/5/9,2014,5,9
9558010230,20140509,3.30E+05,4,2.5,1940,3784,2,0,0,3,8,1940,0,2003,0,98058,1940,4499,47.4513,-122.119,2014/5/9,2014,5,9
1232000915,20140509,4.81E+05,3,2,1410,4800,1,0,0,3,7,1410,0,1940,0,98117,1190,3840,47.6852,-122.378,2014/5/9,2014,5,9
8039900086,20140509,2.51E+05,3,1.75,1220,7250,1,0,0,3,7,1220,0,1962,0,98045,1700,15251,47.4887,-121.784,2014/5/9,2014,5,9
8691310840,20140509,8.33E+05,4,2.75,3780,10308,2,0,0,3,10,3780,0,1999,0,98075,3500,10740,47.589,-121.983,2014/5/9,2014,5,9
8838900167,20140509,5.43E+05,4,2.5,2330,14289,2,0,0,4,8,2330,0,1978,0,98007,2210,12823,47.5916,-122.148,2014/5/9,2014,5,9
3528000470,20140509,8.51E+05,3,2.5,3560,107290,2,0,0,3,10,3560,0,1987,0,98053,3660,89298,47.6652,-122.049,2014/5/9,2014,5,9
6413600290,20140509,2.53E+05,3,1,1030,6127,1,0,0,3,7,880,150,1947,0,98125,1610,6127,47.7192,-122.32,2014/5/9,2014,5,9
2215900930,20140509,2.25E+05,3,2.5,2000,9202,2,0,0,4,7,2000,0,1992,0,98038,1750,7827,47.3516,-122.057,2014/5/9,2014,5,9
8106100085,20140509,1.70E+06,5,4.5,5190,23716,2,0,2,3,11,3390,1800,1987,2000,98040,4460,22748,47.5846,-122.223,2014/5/9,2014,5,9
9265880040,20140509,5.57E+05,4,2.5,2840,4500,2,0,0,3,8,2840,0,2012,0,98028,2840,4939,47.7678,-122.237,2014/5/9,2014,5,9
1865400076,20140509,3.24E+05,3,2.25,998,904,2,0,0,3,7,798,200,2007,0,98117,998,1110,47.6983,-122.367,2014/5/9,2014,5,9
5119010090,20140510,5.50E+05,5,2.75,3060,7015,1,0,0,5,8,1600,1460,1979,0,98146,2190,7600,47.5052,-122.372,2014/5/10,2014,5,10
2331300395,20140510,8.75E+05,4,2,2520,6000,1,0,0,3,8,1400,1120,1921,2007,98103,1580,3720,47.6767,-122.35,2014/5/10,2014,5,10
7625702444,20140510,3.95E+05,3,2.5,1350,1250,3,0,0,3,8,1270,80,2006,0,98136,1350,886,47.5491,-122.387,2014/5/10,2014,5,10
7237550310,20140512,1.23E+06,4,4.5,5420,101930,1,0,0,3,11,3890,1530,2001,0,98053,4760,101930,47.6561,-122.005,2014/5/12,2014,5,12
9822700295,20140512,8.85E+05,4,2.5,2830,5000,2,0,0,3,9,2830,0,1995,0,98105,1950,5000,47.6597,-122.29,2014/5/12,2014,5,12
8929000270,20140512,4.53E+05,3,2.5,2010,2287,2,0,0,3,8,1390,620,2014,0,98029,1690,1662,47.5517,-121.998,2014/5/12,2014,5,12
1653500070,20140512,9.27E+05,4,2.75,3300,12090,2,0,0,3,8,3300,0,1953,0,98004,3180,12239,47.6294,-122.218,2014/5/12,2014,5,12
6669100070,20140512,9.00E+05,4,3.25,4700,38412,2,0,0,3,10,3420,1280,1978,0,98005,3640,35571,47.6445,-122.167,2014/5/12,2014,5,12
6448000090,20140512,1.58E+06,5,2.75,3650,20150,1,0,0,4,10,2360,1290,1975,0,98004,3220,19800,47.6215,-122.224,2014/5/12,2014,5,12
9478400080,20140512,7.50E+05,4,2.5,2980,4930,2,0,0,3,9,2890,90,2000,0,98006,2980,6099,47.5445,-122.12,2014/5/12,2014,5,12
4441300440,20140512,5.82E+05,4,1.75,2120,4650,1,0,1,3,7,1190,930,1951,0,98117,2070,6487,47.6964,-122.4,2014/5/12,2014,5,12
3856900507,20140512,1.32E+06,4,3.5,3460,3997,2,0,0,3,10,2560,900,2004,0,98103,1860,4000,47.6718,-122.329,2014/5/12,2014,5,12
3348401319,20140512,3.73E+05,5,3,2480,10090,1,0,0,3,7,1300,1180,2004,0,98178,2290,9900,47.4964,-122.263,2014/5/12,2014,5,12
2113700235,20140512,3.60E+05,4,2,1730,5500,1,0,0,5,7,1010,720,1943,0,98106,1080,4900,47.5304,-122.353,2014/5/12,2014,5,12
1024039049,20140512,1.02E+06,3,2.5,2920,34527,1,0,4,4,9,1800,1120,1954,1983,98116,2480,7933,47.5799,-122.4,2014/5/12,2014,5,12
1423800080,20140512,2.25E+05,3,1,990,8012,1,0,0,4,7,990,0,1966,0,98058,1260,9060,47.4557,-122.181,2014/5/12,2014,5,12
8961970190,20140512,6.47E+05,4,2.5,3040,6887,2,0,0,3,8,3040,0,1999,0,98074,2790,7196,47.6073,-122.015,2014/5/12,2014,5,12
304000530,20140512,1.85E+05,3,1.5,1370,8470,1,0,0,4,7,1370,0,1961,0,98092,1710,8800,47.2874,-122.192,2014/5/12,2014,5,12
9558020610,20140512,3.35E+05,3,2.5,1940,4927,2,0,0,3,8,1940,0,2004,0,98058,2070,4892,47.4479,-122.12,2014/5/12,2014,5,12
1186000035,20140512,7.70E+05,3,1.75,1720,5000,1,0,0,3,9,1720,0,1954,2014,98122,2120,4188,47.6157,-122.29,2014/5/12,2014,5,12
5101400862,20140512,5.00E+05,3,1,980,6380,1,0,0,3,7,760,220,1941,0,98115,1390,6380,47.692,-122.308,2014/5/12,2014,5,12
3578600062,20140512,2.70E+05,3,1,1830,8209,1,0,0,3,7,1830,0,1942,0,98028,2150,12000,47.7439,-122.228,2014/5/12,2014,5,12
6752601110,20140512,3.57E+05,4,2.5,2380,7066,2,0,0,4,7,2380,0,1997,0,98031,2310,8127,47.3982,-122.172,2014/5/12,2014,5,12
2767603612,20140512,5.00E+05,2,2.25,1290,1334,3,0,0,3,8,1290,0,2007,0,98107,1350,1334,47.6719,-122.382,2014/5/12,2014,5,12
6600400260,20140512,2.01E+05,3,1,1460,9750,1,0,0,4,7,1460,0,1969,0,98042,1270,9750,47.3242,-122.144,2014/5/12,2014,5,12
7203101610,20140512,2.65E+05,2,1,1290,2828,2,0,0,3,7,1290,0,2008,0,98053,1290,2628,47.6968,-122.025,2014/5/12,2014,5,12
4083300070,20140512,8.70E+05,4,2.5,2350,3150,1.5,0,0,4,8,1690,660,1910,0,98103,1750,3150,47.6605,-122.335,2014/5/12,2014,5,12
1562000120,20140512,6.60E+05,4,2.5,2550,10000,1,0,0,3,8,1290,1260,1964,0,98007,2270,8640,47.6208,-122.141,2014/5/12,2014,5,12
4375700065,20140512,3.15E+05,3,1.75,1440,8040,1,0,0,3,7,960,480,1951,0,98125,1500,8040,47.7128,-122.306,2014/5/12,2014,5,12
7631200085,20140512,9.48E+05,3,2.75,2980,27144,1.5,1,2,5,8,2180,800,1917,0,98166,1890,12514,47.4522,-122.378,2014/5/12,2014,5,12
3674400035,20140512,1.56E+05,3,1,970,8580,1,0,0,3,7,970,0,1959,0,98003,1430,11907,47.3363,-122.311,2014/5/12,2014,5,12
5317100780,20140512,1.30E+06,4,3.25,2330,9687,2,0,3,3,9,2330,0,1918,0,98112,3880,9017,47.6264,-122.283,2014/5/12,2014,5,12
4122900190,20140512,1.35E+06,5,1.75,3380,20021,1,0,0,4,8,1690,1690,1963,0,98004,3260,19809,47.6395,-122.211,2014/5/12,2014,5,12
5151200290,20140512,3.00E+05,2,1.75,1360,8100,1,0,0,3,7,860,500,1975,0,98177,1830,6766,47.7295,-122.359,2014/5/12,2014,5,12
8651720020,20140512,5.05E+05,4,2.5,2780,6369,1,0,0,3,8,1590,1190,1978,0,98034,2170,7490,47.7284,-122.216,2014/5/12,2014,5,12
5111400086,20140512,1.10E+05,3,1,1250,53143,1,0,0,5,6,1250,0,1945,0,98038,1820,217800,47.4235,-122.051,2014/5/12,2014,5,12
2968801240,20140512,2.11E+05,3,1.5,1350,7620,1,0,0,5,6,1350,0,1941,0,98166,1350,7620,47.4565,-122.35,2014/5/12,2014,5,12
1982201485,20140512,6.75E+05,4,3,2400,3340,1,0,0,4,7,1200,1200,1964,0,98107,1520,3758,47.6646,-122.365,2014/5/12,2014,5,12
999000215,20140512,7.34E+05,4,2.5,2760,5000,1.5,0,0,5,7,1680,1080,1928,0,98107,1850,5000,47.6726,-122.371,2014/5/12,2014,5,12
594000115,20140512,6.15E+05,2,1.75,2040,28593,1.5,1,3,4,7,2040,0,1919,1990,98070,2040,35124,47.3979,-122.465,2014/5/12,2014,5,12
2213000030,20140512,1.26E+06,4,3.75,3490,9170,2,0,0,3,9,3490,0,2012,0,98004,1810,8470,47.5991,-122.2,2014/5/12,2014,5,12
2349300069,20140512,3.02E+05,2,1.5,830,1333,2,0,0,3,7,830,0,2005,0,98136,1120,4822,47.5506,-122.381,2014/5/12,2014,5,12
7853280350,20140512,8.09E+05,5,4.5,4630,6324,2,0,0,3,9,3210,1420,2006,0,98065,4420,6790,47.5382,-121.86,2014/5/12,2014,5,12
9272201704,20140512,3.69E+05,2,2.5,980,895,2,0,0,3,8,670,310,2009,0,98116,980,899,47.5874,-122.386,2014/5/12,2014,5,12
2883200524,20140512,6.35E+05,3,2.5,1570,1433,3,0,0,3,8,1570,0,2010,0,98103,1570,2652,47.6858,-122.336,2014/5/12,2014,5,12
8091670030,20140512,3.83E+05,4,2.5,2160,6223,2,0,0,3,8,2160,0,2010,0,98038,2160,5555,47.3494,-122.042,2014/5/12,2014,5,12
9126100550,20140513,6.25E+05,3,3.5,1810,1846,2,0,0,4,8,1440,370,2009,0,98122,1480,3600,47.607,-122.305,2014/5/13,2014,5,13
8078460550,20140513,6.51E+05,4,2.5,2740,7140,2,0,0,3,8,2740,0,1993,0,98074,2260,7035,47.6334,-122.021,2014/5/13,2014,5,13
8682291730,20140513,5.30E+05,2,2,1680,4950,1,0,0,3,8,1680,0,2006,0,98053,1570,4800,47.7194,-122.022,2014/5/13,2014,5,13
2222900082,20140513,4.50E+05,3,2,1770,6610,1,0,0,4,7,960,810,1954,0,98133,2010,4361,47.7703,-122.343,2014/5/13,2014,5,13
225039175,20140513,5.25E+05,5,3,2450,4591,2,0,0,3,7,2450,0,1994,0,98117,1060,5500,47.6828,-122.388,2014/5/13,2014,5,13
4389201250,20140513,2.45E+06,5,4,4430,9000,2,0,0,3,10,4430,0,2013,0,98004,2470,9490,47.6168,-122.216,2014/5/13,2014,5,13
2260800110,20140513,7.77E+05,3,3.25,3610,59677,2,0,0,3,10,2440,1170,2003,0,98027,3130,65775,47.5464,-122.088,2014/5/13,2014,5,13
514500090,20140513,5.50E+05,4,2,2250,7500,1,0,0,5,7,1200,1050,1956,0,98005,1440,7500,47.5877,-122.157,2014/5/13,2014,5,13
4036800805,20140513,5.23E+05,3,1.5,1240,7735,1,0,0,4,7,1240,0,1957,0,98008,1260,7500,47.601,-122.122,2014/5/13,2014,5,13
9809000020,20140513,1.90E+06,5,2.25,3120,16672,2,0,0,4,9,3120,0,1969,0,98004,3740,17853,47.6458,-122.219,2014/5/13,2014,5,13
2130410050,20140513,2.87E+05,3,2.25,1490,9600,1,0,0,4,7,1170,320,1987,0,98019,1590,10104,47.7378,-121.977,2014/5/13,2014,5,13
9828200545,20140513,5.91E+05,3,1.75,1680,2400,1,0,0,5,7,870,810,1922,0,98122,1440,3600,47.6155,-122.3,2014/5/13,2014,5,13
9558050170,20140513,4.75E+05,4,2.5,3740,8700,1,0,0,3,10,2260,1480,2004,0,98058,2650,6333,47.4587,-122.117,2014/5/13,2014,5,13
9829200855,20140513,7.71E+05,3,2.25,1780,6120,1.5,0,0,4,9,1390,390,1927,0,98122,1960,5568,47.6025,-122.286,2014/5/13,2014,5,13
1443500385,20140513,1.55E+05,2,1,910,6232,1,0,0,3,6,910,0,1943,0,98118,1070,6232,47.5328,-122.272,2014/5/13,2014,5,13
8563070030,20140513,6.45E+05,3,2.5,1740,13750,2,0,0,4,9,1740,0,1975,0,98008,2540,14300,47.6264,-122.092,2014/5/13,2014,5,13
6683000295,20140513,3.50E+05,3,2.5,2010,14298,2,0,0,3,7,2010,0,1977,0,98070,2010,14298,47.5069,-122.472,2014/5/13,2014,5,13
3423049269,20140513,2.25E+05,4,1.5,1950,12559,1.5,0,0,3,6,1950,0,1939,0,98188,1950,9178,47.4364,-122.282,2014/5/13,2014,5,13
3205400240,20140513,3.45E+05,3,1.75,1090,7200,1,0,0,3,7,1090,0,1968,0,98034,1240,7200,47.7227,-122.179,2014/5/13,2014,5,13
6150200435,20140513,2.30E+05,2,0.75,650,5360,1,0,0,4,5,650,0,1931,0,98133,1110,6700,47.7281,-122.335,2014/5/13,2014,5,13
1049010620,20140513,9.00E+04,2,1,790,2640,1,0,0,3,7,790,0,1973,0,98034,1310,2064,47.7351,-122.178,2014/5/13,2014,5,13
5451100220,20140513,7.80E+05,3,1.75,2340,10495,1,0,0,4,8,2340,0,1967,0,98040,3120,11068,47.5386,-122.226,2014/5/13,2014,5,13
809001060,20140513,1.11E+06,4,1.5,2740,4000,2,0,0,5,9,1930,810,1905,0,98109,1680,4000,47.6343,-122.352,2014/5/13,2014,5,13
2619600010,20140513,6.35E+05,4,1.75,1950,13320,1,0,0,4,8,1370,580,1969,0,98007,2120,12051,47.6196,-122.139,2014/5/13,2014,5,13
259601100,20140513,5.80E+05,5,2,2290,7125,1,0,0,3,7,1190,1100,1964,0,98008,1460,7920,47.634,-122.119,2014/5/13,2014,5,13
2574900080,20140513,1.55E+06,5,3.25,3370,17458,1,0,2,5,10,2000,1370,1982,0,98040,4240,15202,47.5591,-122.229,2014/5/13,2014,5,13
9523102660,20140513,5.60E+05,3,1,1440,5000,2,0,0,3,7,1440,0,1910,0,98103,1850,4500,47.6741,-122.354,2014/5/13,2014,5,13
1771000760,20140513,3.19E+05,3,1,1390,12823,1,0,0,4,7,1390,0,1968,0,98077,1390,10095,47.7438,-122.075,2014/5/13,2014,5,13
2426069085,20140513,3.23E+05,3,2,1350,14200,1,0,0,3,7,1350,0,1989,0,98019,2100,15101,47.7315,-121.972,2014/5/13,2014,5,13
9578060660,20140513,5.02E+05,4,2.5,2040,5616,2,0,0,3,8,2040,0,2012,0,98028,2380,4737,47.7737,-122.238,2014/5/13,2014,5,13
9828702389,20140513,5.25E+05,3,2.5,1580,1161,2,0,0,3,8,1010,570,2008,0,98112,1680,1177,47.6206,-122.299,2014/5/13,2014,5,13
1023059465,20140513,5.05E+05,4,2.5,2790,5602,2,0,0,3,8,2790,0,2009,0,98059,2790,5309,47.4959,-122.15,2014/5/13,2014,5,13
3438501862,20140513,3.30E+05,3,2.5,1450,5008,1,0,0,3,7,840,610,2007,0,98106,2120,5019,47.5435,-122.357,2014/5/13,2014,5,13
2205500400,20140514,5.42E+05,4,1.75,1900,8250,1,0,0,4,7,950,950,1955,0,98006,1480,8360,47.5765,-122.147,2014/5/14,2014,5,14
225039082,20140514,6.20E+05,5,2.5,2540,3832,2,0,0,5,8,1760,780,1929,0,98117,2000,5289,47.6848,-122.398,2014/5/14,2014,5,14
5152960710,20140514,7.40E+05,5,5,5774,31675,1,0,2,3,11,4490,1284,1984,0,98003,3260,13200,47.3466,-122.323,2014/5/14,2014,5,14
418000310,20140514,1.55E+05,2,1,700,5200,1,0,0,5,6,700,0,1952,0,98056,1030,5200,47.4924,-122.175,2014/5/14,2014,5,14
7697870310,20140514,2.66E+05,3,2.5,1780,7214,1,0,0,4,7,1400,380,1986,0,98030,1520,7228,47.3667,-122.182,2014/5/14,2014,5,14
2149800148,20140514,2.57E+05,3,2,1850,8250,1,0,0,4,7,1150,700,1952,0,98002,1580,7153,47.3066,-122.209,2014/5/14,2014,5,14
4235401055,20140514,5.83E+05,2,1.5,1159,4800,1,0,0,3,7,1159,0,1948,0,98199,1640,4800,47.6592,-122.399,2014/5/14,2014,5,14
395300100,20140514,4.89E+05,3,2.75,1850,9600,1.5,0,0,5,7,1850,0,1965,0,98034,1250,10500,47.7259,-122.226,2014/5/14,2014,5,14
1250203070,20140514,1.40E+06,3,2.5,2550,7200,2,0,2,3,10,2550,0,1981,2013,98144,2030,3500,47.5996,-122.288,2014/5/14,2014,5,14
8021700715,20140514,7.03E+05,3,1.5,2360,6750,2,0,0,5,7,1930,430,1926,0,98103,1320,4500,47.6923,-122.332,2014/5/14,2014,5,14
5525400420,20140514,5.65E+05,4,2.5,2240,14667,2,0,0,4,9,2240,0,1989,0,98059,2410,11243,47.5276,-122.161,2014/5/14,2014,5,14
3645500050,20140514,5.43E+05,3,2.5,2090,7640,1,0,0,3,7,1360,730,1962,2014,98133,2090,7668,47.7369,-122.338,2014/5/14,2014,5,14
7977201845,20140514,5.25E+05,3,1.75,1600,6120,1.5,0,0,3,7,1600,0,1924,0,98115,1670,4590,47.6847,-122.291,2014/5/14,2014,5,14
3300700470,20140514,3.94E+05,2,1,830,4000,1,0,0,3,6,830,0,1955,0,98117,950,4000,47.6929,-122.379,2014/5/14,2014,5,14
3881900321,20140514,3.40E+05,3,1,1050,5402,1.5,0,0,4,7,1050,0,1906,0,98144,1510,4685,47.5867,-122.311,2014/5/14,2014,5,14
2005600090,20140514,1.60E+05,3,1,860,11900,1,0,0,4,6,860,0,1963,0,98030,1660,10248,47.3574,-122.186,2014/5/14,2014,5,14
4036800910,20140514,5.62E+05,3,1.5,1830,8000,1,0,0,4,7,1830,0,1957,0,98008,1310,7500,47.6017,-122.122,2014/5/14,2014,5,14
2921049079,20140514,2.99E+05,2,1.75,1250,34395,1,0,0,4,7,1250,0,1950,0,98003,1910,26042,47.2802,-122.316,2014/5/14,2014,5,14
3222079083,20140514,4.99E+05,3,2,2090,42689,1.5,0,0,3,7,2090,0,1959,1998,98010,1890,18276,47.3497,-121.944,2014/5/14,2014,5,14
1157200189,20140514,3.56E+05,3,3.5,2100,12384,2,0,0,3,9,2100,0,1980,0,98188,2400,7776,47.4687,-122.263,2014/5/14,2014,5,14
1313300340,20140514,4.70E+05,4,2.5,2310,14023,2,0,0,3,9,2310,0,1991,0,98019,2410,14007,47.7351,-121.964,2014/5/14,2014,5,14
2481620310,20140514,1.12E+06,4,2.25,4470,60373,2,0,0,3,11,4470,0,1988,0,98072,3210,40450,47.7289,-122.127,2014/5/14,2014,5,14
8901001170,20140514,4.58E+05,3,1,1660,7500,1,0,0,4,7,1060,600,1940,0,98125,1450,7500,47.7105,-122.306,2014/5/14,2014,5,14
408100150,20140514,2.68E+05,2,1,700,6000,1,0,0,4,6,700,0,1949,0,98155,920,6000,47.7515,-122.316,2014/5/14,2014,5,14
1683500180,20140514,2.34E+05,4,2,1630,9010,1,0,0,4,7,1050,580,1975,0,98092,1670,7820,47.317,-122.196,2014/5/14,2014,5,14
2621730220,20140514,7.40E+05,4,2.5,3430,10157,2,0,0,3,10,3430,0,2000,0,98034,3480,10157,47.723,-122.158,2014/5/14,2014,5,14
3224900130,20140514,2.23E+05,3,1.75,1340,7473,1,0,0,4,7,1340,0,1973,0,98002,1510,8240,47.3087,-122.206,2014/5/14,2014,5,14
2880100675,20140514,4.00E+05,2,1,980,2130,1,0,0,4,6,860,120,1918,0,98117,980,2800,47.6769,-122.366,2014/5/14,2014,5,14
6147650170,20140514,2.53E+05,4,2.5,2230,4541,2,0,0,3,7,2230,0,2006,0,98042,2800,4860,47.3848,-122.1,2014/5/14,2014,5,14
629410130,20140514,7.07E+05,4,3.25,3200,7081,2,0,0,3,9,3200,0,2004,0,98075,3120,6094,47.5886,-121.989,2014/5/14,2014,5,14
4139450360,20140514,9.50E+05,4,2.5,3320,7644,2,0,0,3,10,3320,0,1995,0,98006,3320,9472,47.5541,-122.106,2014/5/14,2014,5,14
1137800230,20140514,4.50E+05,3,2.5,2910,17172,2,0,0,3,10,2910,0,1989,0,98003,2910,20048,47.2789,-122.331,2014/5/14,2014,5,14
5451210150,20140514,9.55E+05,5,2.25,2510,9887,2,0,0,3,8,2510,0,1972,0,98040,2510,10006,47.5339,-122.223,2014/5/14,2014,5,14
7340600068,20140514,2.15E+05,2,1,1240,7200,1,0,0,3,7,1240,0,1967,0,98168,1130,9200,47.4971,-122.282,2014/5/14,2014,5,14
1023059246,20140514,4.37E+05,3,2.75,2580,5200,2,0,0,3,8,2580,0,2008,0,98059,2700,5602,47.496,-122.151,2014/5/14,2014,5,14
3630200430,20140514,7.73E+05,3,2.75,2470,3600,2,0,0,3,9,2470,0,2007,0,98029,2570,3600,47.5406,-121.994,2014/5/14,2014,5,14
2460700700,20140515,2.52E+05,3,2,1650,7352,1,0,0,3,7,1160,490,1979,0,98058,1710,7350,47.4612,-122.169,2014/5/15,2014,5,15
7300400060,20140515,3.70E+05,4,2.5,2710,5880,2,0,0,3,9,2710,0,1998,0,98092,2520,6000,47.3314,-122.172,2014/5/15,2014,5,15
8651520510,20140515,5.83E+05,4,2.75,2550,7636,1,0,0,3,8,1440,1110,1986,0,98074,2290,8223,47.6471,-122.06,2014/5/15,2014,5,15
3450300240,20140515,3.02E+05,4,1.75,2020,7865,1,0,0,4,7,1010,1010,1963,0,98059,1650,7865,47.5008,-122.162,2014/5/15,2014,5,15
6623400217,20140515,2.50E+05,3,1,1230,10350,1,0,0,4,7,1230,0,1957,0,98055,1510,10427,47.428,-122.199,2014/5/15,2014,5,15
251300260,20140515,2.55E+05,4,2.5,2070,7800,2,0,0,3,8,2070,0,1989,0,98003,1950,7815,47.3487,-122.315,2014/5/15,2014,5,15
9315100030,20140515,1.90E+05,3,1,1090,8520,1,0,0,3,7,1090,0,1967,0,98003,1190,8520,47.3364,-122.307,2014/5/15,2014,5,15
9136101335,20140515,6.13E+05,4,2,1550,4815,1.5,0,0,3,7,1550,0,1909,0,98103,1680,4013,47.667,-122.336,2014/5/15,2014,5,15
6713700025,20140515,3.00E+05,3,1,1220,13000,1,0,0,4,7,1220,0,1955,0,98133,1510,12600,47.7608,-122.353,2014/5/15,2014,5,15
8108600464,20140515,3.35E+05,3,2.25,2150,30476,2,0,0,3,7,2150,0,1991,0,98188,2010,10800,47.4605,-122.277,2014/5/15,2014,5,15
3330500705,20140515,1.98E+05,3,1,980,3090,1.5,0,0,3,6,980,0,1903,0,98118,980,3090,47.5525,-122.277,2014/5/15,2014,5,15
8087800020,20140515,4.13E+05,3,1.5,1490,8475,1,0,0,4,7,1490,0,1963,0,98052,1490,8540,47.6571,-122.133,2014/5/15,2014,5,15
4188000670,20140515,7.49E+05,4,2.5,3240,20301,2,0,0,3,10,3240,0,1985,0,98052,3010,23650,47.719,-122.114,2014/5/15,2014,5,15
5591700290,20140515,3.17E+05,4,2.5,2150,6807,2,0,0,4,8,2150,0,1991,0,98031,1910,7240,47.4053,-122.189,2014/5/15,2014,5,15
1025049174,20140515,1.26E+06,4,2.5,3200,7535,2,0,0,3,9,3200,0,2006,0,98105,1650,6850,47.666,-122.276,2014/5/15,2014,5,15
6641040100,20140515,1.15E+06,4,3.5,4210,10308,2,0,0,3,10,4210,0,2006,0,98008,3860,10200,47.5905,-122.117,2014/5/15,2014,5,15
9522100485,20140515,5.85E+05,5,1.75,2000,3750,2,0,0,4,7,2000,0,1921,0,98103,1520,3750,47.6618,-122.355,2014/5/15,2014,5,15
8099900490,20140515,4.20E+05,3,2,1640,9972,1,0,0,4,7,1640,0,1977,0,98075,1680,10165,47.5812,-122.002,2014/5/15,2014,5,15
8562740400,20140515,6.90E+05,4,3.25,2740,7266,2,0,0,3,9,2060,680,2003,0,98027,3030,6546,47.5346,-122.066,2014/5/15,2014,5,15
2783100160,20140515,3.75E+05,4,1.75,1890,8000,1,0,0,4,7,1250,640,1960,0,98133,1870,8270,47.7576,-122.333,2014/5/15,2014,5,15
6411600370,20140515,4.75E+05,7,3.5,2870,29699,1,0,0,3,7,1520,1350,1961,0,98125,1380,7555,47.7153,-122.327,2014/5/15,2014,5,15
1370803510,20140515,7.90E+05,3,1.75,1790,6117,1,0,2,3,8,1350,440,1940,0,98199,1960,5554,47.6366,-122.401,2014/5/15,2014,5,15
1558100398,20140515,3.50E+05,3,1.75,1680,250470,1,0,0,4,7,1070,610,1940,0,98019,1680,360000,47.7624,-121.93,2014/5/15,2014,5,15
7510700030,20140515,6.95E+05,3,2.5,4560,17622,2,0,0,4,9,3800,760,1986,0,98074,2360,15000,47.621,-122.03,2014/5/15,2014,5,15
103400160,20140515,2.63E+05,3,2.25,1590,7748,2,0,0,4,7,1590,0,1991,0,98003,1590,7606,47.2857,-122.3,2014/5/15,2014,5,15
9465910030,20140515,5.25E+05,3,2.5,2700,7434,2,0,0,3,9,2700,0,1991,0,98072,2660,8405,47.7434,-122.174,2014/5/15,2014,5,15
624110610,20140515,1.09E+06,4,3.25,3740,12080,1,0,0,3,10,2000,1740,1988,0,98077,4210,15277,47.7214,-122.056,2014/5/15,2014,5,15
2807100155,20140515,2.40E+05,3,2,1400,6200,1,0,0,3,6,700,700,1948,0,98133,1410,7564,47.7634,-122.34,2014/5/15,2014,5,15
3080000040,20140515,4.95E+05,4,2,2050,4000,1.5,0,0,5,7,1210,840,1941,0,98144,1310,4000,47.5799,-122.306,2014/5/15,2014,5,15
3543900418,20140515,5.80E+05,3,2.5,2360,4638,2,0,3,3,9,2360,0,1996,0,98115,1620,4638,47.6837,-122.321,2014/5/15,2014,5,15
8651441750,20140515,1.75E+05,3,1,1060,5200,1,0,0,5,6,1060,0,1970,0,98042,1380,5200,47.3636,-122.093,2014/5/15,2014,5,15
7985400089,20140515,2.75E+05,4,2.5,1840,1562,2,0,0,3,7,1400,440,2004,0,98106,1840,1766,47.5345,-122.364,2014/5/15,2014,5,15
7424110130,20140515,4.23E+05,4,1.75,1880,7303,1,0,0,3,7,1010,870,1976,0,98034,1710,7200,47.7129,-122.203,2014/5/15,2014,5,15
8731000010,20140515,3.43E+05,4,1.75,2290,10290,1,0,0,3,7,1340,950,1960,0,98146,1800,7605,47.5045,-122.369,2014/5/15,2014,5,15
2824069373,20140515,7.65E+05,5,3.75,3580,14275,2,0,0,3,10,3190,390,1999,0,98027,2740,14300,47.5322,-122.056,2014/5/15,2014,5,15
5249802240,20140515,4.97E+05,4,2.5,2240,7200,2,0,0,3,8,2240,0,1995,0,98118,1860,6600,47.5636,-122.275,2014/5/15,2014,5,15
9510860840,20140515,8.03E+05,4,2.5,3310,5404,2,0,0,3,9,3310,0,2004,0,98052,2600,4730,47.6635,-122.083,2014/5/15,2014,5,15
2325300060,20140515,3.44E+05,3,2.5,1232,1130,3,0,0,3,7,1232,0,2007,0,98125,1232,1202,47.7185,-122.317,2014/5/15,2014,5,15
7203140270,20140515,3.86E+05,3,2.5,1720,3600,2,0,0,3,7,1720,0,2010,0,98053,1720,3600,47.6856,-122.013,2014/5/15,2014,5,15
4216500110,20140515,8.20E+05,5,2.75,3030,10335,2,0,0,3,9,3030,0,2013,0,98056,2720,11213,47.5305,-122.184,2014/5/15,2014,5,15
7338200240,20140516,4.38E+05,3,2.5,2320,36847,2,0,2,3,9,2320,0,1992,0,98045,2550,35065,47.4838,-121.714,2014/5/16,2014,5,16
7853240200,20140516,6.19E+05,3,2.5,2720,6439,2,0,0,3,9,2720,0,2005,0,98065,3180,7320,47.5422,-121.86,2014/5/16,2014,5,16
2608300030,20140516,4.08E+05,3,2.5,1800,5761,2,0,0,4,7,1800,0,1990,0,98106,1800,5952,47.5293,-122.363,2014/5/16,2014,5,16
9297301580,20140516,4.51E+05,3,1.75,1560,4049,1.5,0,2,3,7,1000,560,1926,0,98126,1430,3738,47.5666,-122.375,2014/5/16,2014,5,16
290000055,20140516,7.20E+05,2,1,2020,7200,1,0,3,4,7,1700,320,1947,0,98146,2020,7200,47.506,-122.384,2014/5/16,2014,5,16
9264901040,20140516,2.40E+05,4,2.25,1860,7000,1,0,0,3,8,1120,740,1979,0,98023,1990,8937,47.3127,-122.339,2014/5/16,2014,5,16
1471620240,20140516,2.75E+05,3,2.5,1480,15639,2,0,0,3,8,1480,0,1987,0,98045,1480,16454,47.4723,-121.746,2014/5/16,2014,5,16
104530490,20140516,2.48E+05,4,3.5,1850,6519,2,0,0,3,7,1130,720,1986,0,98023,1280,6664,47.3087,-122.354,2014/5/16,2014,5,16
3629920600,20140516,6.20E+05,3,2.5,2170,5000,2,0,0,3,9,2170,0,2003,0,98029,2170,5000,47.5458,-121.996,2014/5/16,2014,5,16
3522029031,20140516,3.64E+05,3,1.75,1726,197326,2,0,0,4,7,1726,0,1982,0,98070,2114,99316,47.3484,-122.505,2014/5/16,2014,5,16
5467910020,20140516,4.25E+05,3,2.5,2670,13218,1,0,0,4,10,2670,0,1988,0,98042,1960,13130,47.3683,-122.153,2014/5/16,2014,5,16
6381500635,20140516,3.42E+05,3,1,1260,6826,1,0,0,3,6,720,540,1944,0,98125,1300,6826,47.731,-122.303,2014/5/16,2014,5,16
4299700095,20140516,2.54E+05,4,2,1510,4235,1,0,0,3,7,1510,0,1955,0,98108,1510,4268,47.546,-122.293,2014/5/16,2014,5,16
1545801970,20140516,2.50E+05,3,2,1900,6660,1,0,0,5,7,950,950,1966,0,98038,1690,8111,47.3594,-122.054,2014/5/16,2014,5,16
269000615,20140516,8.75E+05,3,2,2220,6641,1,0,2,4,7,1220,1000,1947,0,98199,1800,5900,47.6426,-122.388,2014/5/16,2014,5,16
7701990300,20140516,8.63E+05,4,2.75,3280,24440,2,0,0,3,10,3280,0,1996,0,98077,3490,25138,47.7073,-122.07,2014/5/16,2014,5,16
2622049052,20140516,4.00E+05,3,2.5,2740,83199,2,0,4,3,9,2740,0,1973,0,98032,2500,29269,47.3581,-122.266,2014/5/16,2014,5,16
2946003415,20140516,1.75E+05,2,1,1010,5200,1,0,0,3,7,1010,0,1955,0,98198,1580,7500,47.4166,-122.323,2014/5/16,2014,5,16
2921049121,20140516,3.07E+05,3,2.25,2060,38377,1,0,0,4,8,1560,500,1978,0,98003,2080,60513,47.2752,-122.319,2014/5/16,2014,5,16
2436700800,20140516,6.20E+05,3,2.25,1720,4000,1.5,0,0,4,7,1450,270,1921,0,98105,1410,4000,47.6683,-122.286,2014/5/16,2014,5,16
7972603385,20140516,2.45E+05,2,1,870,6150,1,0,0,3,6,870,0,1941,0,98106,1120,6150,47.5256,-122.347,2014/5/16,2014,5,16
3277801646,20140516,2.38E+05,3,2,1020,1204,2,0,0,3,7,720,300,2004,0,98126,1360,1506,47.5445,-122.376,2014/5/16,2014,5,16
5708500270,20140516,5.23E+05,3,1.5,1260,3135,1.5,0,0,3,8,1260,0,1931,0,98116,1700,4180,47.5755,-122.388,2014/5/16,2014,5,16
623049094,20140516,1.80E+05,3,1,1000,18513,1,0,0,3,6,1000,0,1940,0,98146,1280,8113,47.5118,-122.348,2014/5/16,2014,5,16
8728100781,20140516,3.75E+05,3,1.5,1100,1751,2,0,0,3,8,940,160,2007,0,98144,1380,1751,47.5927,-122.306,2014/5/16,2014,5,16
3352400905,20140516,2.45E+05,4,1,1530,7200,1.5,0,0,3,7,1400,130,1948,0,98178,1530,7200,47.5015,-122.262,2014/5/16,2014,5,16
5710610790,20140516,7.30E+05,4,2.5,3120,14300,2,0,0,3,9,3120,0,2003,0,98027,2580,10005,47.5318,-122.055,2014/5/16,2014,5,16
2822049254,20140516,3.75E+05,4,2.5,2790,7956,2,0,0,3,9,2790,0,2005,0,98198,1660,8192,47.3681,-122.31,2014/5/16,2014,5,16
3626039268,20140516,5.40E+05,1,1,1140,6700,1.5,0,0,3,7,1140,0,1920,0,98103,1350,6700,47.6958,-122.357,2014/5/16,2014,5,16
5016001325,20140516,6.05E+05,3,2.25,1290,2500,2,0,0,4,8,1290,0,1987,0,98112,1700,3750,47.6229,-122.298,2014/5/16,2014,5,16
7504110780,20140516,6.45E+05,4,2.5,3160,11380,2,0,0,3,9,3160,0,1983,0,98074,2970,10385,47.6318,-122.039,2014/5/16,2014,5,16
4039400430,20140516,3.30E+05,3,1.5,1170,4950,1,0,0,4,7,1170,0,1960,0,98007,1570,7700,47.6057,-122.135,2014/5/16,2014,5,16
4131900042,20140516,2.00E+06,5,4.25,6490,10862,2,0,3,4,11,3940,2550,1991,0,98040,3290,14080,47.5728,-122.205,2014/5/16,2014,5,16
1042700060,20140516,8.05E+05,5,1.5,3360,5402,2,0,0,3,9,3360,0,2014,0,98074,3360,5415,47.6067,-122.053,2014/5/16,2014,5,16
7853350170,20140516,6.75E+05,5,2.5,3200,6455,2,0,0,3,9,3200,0,2009,0,98065,3290,7924,47.5446,-121.862,2014/5/16,2014,5,16
1424059154,20140516,1.27E+06,4,3,5520,8313,2,0,3,3,9,3570,1950,2008,0,98006,3770,8278,47.5655,-122.129,2014/5/16,2014,5,16
7234600832,20140516,5.00E+05,2,2.5,1310,1500,2,0,0,3,8,1160,150,2006,0,98122,1320,1581,47.6112,-122.309,2014/5/16,2014,5,16
2771101200,20140517,4.10E+05,3,2,1700,4250,1,0,0,3,6,890,810,1944,0,98199,1440,4250,47.6542,-122.385,2014/5/17,2014,5,17
1402650110,20140518,4.15E+05,3,2.5,2480,8342,2,0,0,3,8,2480,0,1986,0,98058,2300,8303,47.4381,-122.134,2014/5/18,2014,5,18
7138200150,20140518,2.97E+05,5,2.5,1970,8605,2,0,0,4,7,1970,0,1994,0,98022,1970,8460,47.1944,-122.013,2014/5/18,2014,5,18
1529200480,20140518,5.35E+05,3,2.5,2130,3500,1,0,0,4,8,1210,920,1994,0,98072,2030,3710,47.736,-122.159,2014/5/18,2014,5,18
2424400130,20140518,3.53E+05,3,2.25,1410,14110,1,0,2,3,7,1170,240,1987,0,98065,1560,18336,47.5336,-121.76,2014/5/18,2014,5,18
8604900245,20140518,4.88E+05,2,2,1360,4688,1,0,0,3,7,780,580,1944,0,98115,1340,4750,47.6874,-122.315,2014/5/18,2014,5,18
1332700270,20140519,2.15E+05,2,2.25,1610,2040,2,0,0,4,7,1610,0,1979,0,98056,1950,2025,47.518,-122.194,2014/5/19,2014,5,19
5101404898,20140519,5.93E+05,2,2,1420,9191,1.5,0,2,5,7,1420,0,1928,0,98115,1420,6816,47.6979,-122.32,2014/5/19,2014,5,19
7518503335,20140519,4.75E+05,2,1,1490,3825,1,0,0,3,7,860,630,1929,0,98117,1460,3825,47.6799,-122.381,2014/5/19,2014,5,19
1321710030,20140519,3.20E+05,3,2.5,2680,7757,2,0,0,3,8,2680,0,1990,0,98023,2430,8231,47.2918,-122.346,2014/5/19,2014,5,19
1431700370,20140519,2.90E+05,5,1.5,2120,7700,1.5,0,0,5,7,2120,0,1962,0,98058,1730,7700,47.4599,-122.172,2014/5/19,2014,5,19
9521101221,20140519,4.87E+05,4,2,1690,3250,1.5,0,0,3,7,1550,140,1901,0,98103,1620,3250,47.6637,-122.346,2014/5/19,2014,5,19
7304300570,20140519,3.67E+05,4,2.75,2070,9300,1,0,0,5,7,1120,950,1945,0,98155,1010,8308,47.7416,-122.32,2014/5/19,2014,5,19
3438500625,20140519,2.10E+05,3,1,1080,21043,1,0,0,3,6,1080,0,1942,0,98106,1380,7620,47.5515,-122.357,2014/5/19,2014,5,19
5700003640,20140519,2.10E+06,5,3.75,5340,10655,2.5,0,3,4,10,3740,1600,1912,0,98144,3910,9418,47.5795,-122.285,2014/5/19,2014,5,19
8025700590,20140519,2.15E+05,3,1,970,7275,1,0,0,4,7,970,0,1970,0,98031,1750,7200,47.4006,-122.188,2014/5/19,2014,5,19
809002215,20140519,7.62E+05,5,2,3370,5000,1.5,0,0,4,7,2140,1230,1907,0,98109,1920,3200,47.6373,-122.35,2014/5/19,2014,5,19
3225059223,20140519,1.41E+06,4,3.5,3410,10769,2,0,0,3,10,3410,0,2008,0,98004,2650,10058,47.6081,-122.198,2014/5/19,2014,5,19
9268200600,20140519,4.14E+05,2,1,770,4000,1,0,0,5,5,770,0,1924,0,98117,1420,5040,47.6959,-122.364,2014/5/19,2014,5,19
8910500675,20140519,4.61E+05,2,1,1060,7193,1,0,0,3,7,1060,0,1926,0,98133,1980,7560,47.7102,-122.356,2014/5/19,2014,5,19
1681400010,20140519,8.85E+05,4,2.75,2730,3560,1.5,0,0,3,8,1550,1180,1921,2007,98115,1860,3560,47.6737,-122.304,2014/5/19,2014,5,19
1310970380,20140519,2.97E+05,3,2.75,2170,7900,1,0,0,4,8,1380,790,1978,0,98032,2170,7700,47.362,-122.277,2014/5/19,2014,5,19
7227500865,20140519,1.42E+05,2,1,930,4743,1,0,0,4,5,930,0,1942,0,98056,930,4779,47.4966,-122.187,2014/5/19,2014,5,19
7922710690,20140519,6.02E+05,5,1.75,3290,11900,1.5,0,0,3,8,3290,0,1973,0,98052,2210,8549,47.6626,-122.141,2014/5/19,2014,5,19
7524950870,20140519,5.65E+05,4,2.25,2110,10698,2,0,0,4,8,2110,0,1979,0,98027,2220,8252,47.5614,-122.082,2014/5/19,2014,5,19
8029650040,20140519,3.73E+05,3,2.5,1670,3565,2,0,0,3,7,1670,0,1999,0,98072,1510,3770,47.7623,-122.161,2014/5/19,2014,5,19
7199320600,20140519,5.88E+05,3,2.25,2030,7350,1,0,0,4,7,1190,840,1977,0,98052,1950,7350,47.6939,-122.126,2014/5/19,2014,5,19
9307300100,20140519,4.85E+05,3,1,1500,4100,1.5,0,0,3,7,1370,130,1926,0,98107,1500,4100,47.6689,-122.367,2014/5/19,2014,5,19
9828702667,20140519,4.83E+05,3,2.25,1450,1445,2,0,0,3,7,980,470,2005,0,98122,1510,1370,47.6184,-122.301,2014/5/19,2014,5,19
6123600090,20140519,2.51E+05,4,1.5,1310,8250,1,0,0,3,7,1060,250,1953,0,98148,1260,8255,47.425,-122.332,2014/5/19,2014,5,19
9238500410,20140519,4.64E+05,3,1.75,1630,28600,1,0,0,3,8,1630,0,1967,0,98072,2260,26000,47.7742,-122.14,2014/5/19,2014,5,19
2719100240,20140519,8.50E+05,4,3.5,2640,5900,2,0,2,3,8,2640,0,1937,1998,98136,1700,5900,47.5421,-122.383,2014/5/19,2014,5,19
2473380400,20140519,3.20E+05,4,1.75,2310,8045,1,0,0,4,7,1650,660,1976,0,98058,1790,8086,47.4569,-122.165,2014/5/19,2014,5,19
8944550140,20140519,4.34E+05,3,2.5,2200,3360,2,0,0,3,8,2200,0,2009,0,98118,2130,3423,47.5418,-122.287,2014/5/19,2014,5,19
8658303065,20140519,3.07E+05,3,1,1370,7500,1,0,0,3,7,1370,0,1960,0,98014,1160,7500,47.6499,-121.915,2014/5/19,2014,5,19
6093000065,20140519,4.85E+05,3,1.75,2200,7706,2,0,2,3,7,2200,0,1908,1988,98198,1170,70973,47.3878,-122.326,2014/5/19,2014,5,19
8663100050,20140519,4.46E+05,5,2.75,2190,12687,1,0,0,5,7,1370,820,1978,0,98028,2280,10784,47.7762,-122.257,2014/5/19,2014,5,19
1370801800,20140519,9.24E+05,3,1.5,2200,5000,1.5,0,0,3,9,2200,0,1932,0,98199,2860,5000,47.6404,-122.408,2014/5/19,2014,5,19
7135500120,20140519,5.73E+05,3,2.25,2030,9791,1,0,0,4,8,1500,530,1984,0,98059,2030,11031,47.534,-122.161,2014/5/19,2014,5,19
1944900090,20140519,4.62E+05,5,1.75,1250,10530,1,0,0,4,7,1250,0,1966,0,98007,1560,8190,47.6101,-122.138,2014/5/19,2014,5,19
809002290,20140519,1.19E+06,4,3,2240,6000,1.5,0,0,4,8,1270,970,1914,0,98109,2240,4250,47.6369,-122.35,2014/5/19,2014,5,19
7436300180,20140519,5.30E+05,3,3.5,2320,3174,2,0,0,3,9,2060,260,1997,0,98033,2320,3187,47.6897,-122.175,2014/5/19,2014,5,19
6626300095,20140519,7.50E+05,4,2.5,3430,64441,2,0,0,3,8,3430,0,2013,0,98077,3580,64441,47.7694,-122.064,2014/5/19,2014,5,19
6003500743,20140519,6.40E+05,2,2.25,1540,958,3,0,0,3,9,1540,0,2007,0,98122,1410,958,47.6179,-122.318,2014/5/19,2014,5,19
7683800205,20140519,2.98E+05,5,3,2100,9752,1,0,0,3,8,1200,900,2007,0,98003,1270,10200,47.3341,-122.304,2014/5/19,2014,5,19
7853420450,20140519,5.75E+05,4,2.5,2500,4945,2,0,0,3,9,2500,0,2013,0,98065,2760,6000,47.5185,-121.885,2014/5/19,2014,5,19
7702010030,20140520,5.51E+05,3,2.5,2830,5802,2,0,0,3,9,2830,0,2001,0,98028,2500,5788,47.7605,-122.234,2014/5/20,2014,5,20
6114600030,20140520,6.75E+05,4,3,2690,28300,1,0,0,3,8,2690,0,1954,1999,98166,2820,27100,47.4458,-122.343,2014/5/20,2014,5,20
1453600202,20140520,5.20E+05,4,3.5,2680,10000,2,0,0,3,8,2040,640,1942,2014,98125,1530,8000,47.726,-122.296,2014/5/20,2014,5,20
8113600004,20140520,6.00E+05,3,2.5,2660,4975,2,0,0,3,8,2660,0,2014,0,98118,1840,6653,47.5487,-122.272,2014/5/20,2014,5,20
312000135,20140520,4.84E+05,2,1.75,1480,5120,1,0,0,4,6,840,640,1951,0,98116,1090,5120,47.558,-122.392,2014/5/20,2014,5,20
1402000070,20140520,3.90E+05,4,2.25,1770,33132,1,0,0,4,8,1190,580,1965,0,98058,2490,20000,47.4413,-122.151,2014/5/20,2014,5,20
3396200090,20140520,6.39E+05,4,2.5,2150,12028,2,0,0,4,8,2150,0,1982,0,98052,1800,11777,47.7224,-122.101,2014/5/20,2014,5,20
6788200931,20140520,7.10E+05,2,1,1790,4000,1,0,0,4,7,1040,750,1923,0,98112,1310,4000,47.6405,-122.301,2014/5/20,2014,5,20
4219401080,20140520,1.74E+06,4,3.75,3300,4545,1.5,0,4,3,10,2600,700,1926,1999,98105,3300,5000,47.6561,-122.274,2014/5/20,2014,5,20
2767704345,20140520,4.67E+05,3,2.25,1270,1213,2,0,0,3,8,1040,230,2005,0,98107,1410,1265,47.6736,-122.375,2014/5/20,2014,5,20
3274800460,20140520,3.87E+05,2,2.25,1230,1280,2,0,0,3,8,960,270,2012,0,98144,1130,1357,47.5942,-122.298,2014/5/20,2014,5,20
5127100190,20140520,2.90E+05,3,1.75,1280,10716,1,0,0,4,7,1280,0,1969,0,98059,1440,9870,47.4755,-122.145,2014/5/20,2014,5,20
1021049022,20140520,4.15E+05,2,1,1050,60113,1,0,0,4,7,1050,0,1943,0,98001,1380,27442,47.3226,-122.287,2014/5/20,2014,5,20
8563020380,20140520,5.20E+05,4,2,1820,9350,1,0,0,4,8,1820,0,1967,0,98052,2260,9299,47.6288,-122.098,2014/5/20,2014,5,20
9274203390,20140520,5.70E+05,2,1.75,1540,4025,1,0,0,4,7,1190,350,1908,0,98116,1950,4420,47.5876,-122.391,2014/5/20,2014,5,20
926069132,20140520,4.50E+05,3,1.5,2060,44866,1,0,0,3,8,2060,0,1953,0,98077,2320,43995,47.7503,-122.051,2014/5/20,2014,5,20
1237500120,20140520,3.00E+05,3,1,1090,9900,1,0,0,4,7,1090,0,1955,0,98052,1720,10419,47.6755,-122.16,2014/5/20,2014,5,20
192000120,20140520,3.20E+05,3,1.75,1480,7225,1,0,0,4,7,1480,0,1965,0,98056,1430,7201,47.513,-122.185,2014/5/20,2014,5,20
4139420590,20140520,1.21E+06,4,3.5,4560,16643,1,0,3,3,12,2230,2330,1995,0,98006,4060,15177,47.5521,-122.115,2014/5/20,2014,5,20
5104511590,20140520,3.80E+05,4,3,2800,9764,2,0,0,3,8,2800,0,2002,0,98038,3610,8194,47.3543,-122.012,2014/5/20,2014,5,20
421000555,20140520,2.00E+05,3,1,1050,5000,1,0,0,4,6,1050,0,1967,0,98056,1050,5200,47.4923,-122.165,2014/5/20,2014,5,20
8122600195,20140520,3.97E+05,2,1,1730,6375,2,0,0,4,6,1730,0,1945,0,98126,1180,6250,47.5357,-122.368,2014/5/20,2014,5,20
917000300,20140520,4.52E+05,4,1,1210,3760,1.5,0,0,3,6,1210,0,1900,0,98103,1540,3800,47.6872,-122.344,2014/5/20,2014,5,20
2818100060,20140520,1.28E+06,4,2,2850,7861,1,0,4,4,10,1450,1400,1970,0,98117,2810,8087,47.6995,-122.397,2014/5/20,2014,5,20
823059185,20140520,3.26E+05,6,3,1880,7200,1,0,0,4,7,1880,0,1966,0,98056,1540,13022,47.5029,-122.188,2014/5/20,2014,5,20
1397300055,20140520,2.69E+05,2,1,790,8424,1,0,0,4,6,790,0,1953,0,98133,1470,8424,47.7511,-122.352,2014/5/20,2014,5,20
8819900270,20140520,4.40E+05,2,1.75,1300,4000,2,0,0,3,7,1300,0,1948,0,98105,1350,4013,47.6687,-122.288,2014/5/20,2014,5,20
5700004485,20140520,9.78E+05,4,2.75,2620,13777,1.5,0,2,4,9,1720,900,1926,0,98144,3530,9287,47.58,-122.285,2014/5/20,2014,5,20
9550200370,20140520,7.00E+05,4,1,1680,4021,1.5,0,0,3,7,1680,0,1921,0,98103,1710,4021,47.6663,-122.332,2014/5/20,2014,5,20
7247000035,20140520,2.10E+05,4,1.75,2180,28710,1,0,0,3,8,1180,1000,1950,0,98198,2180,28710,47.405,-122.288,2014/5/20,2014,5,20
104550580,20140520,2.60E+05,4,2.5,1990,6671,2,0,0,3,7,1990,0,1989,0,98023,1862,6566,47.3078,-122.358,2014/5/20,2014,5,20
3123059107,20140520,5.55E+05,3,2.5,3050,158558,1,0,0,4,9,3050,0,1987,0,98055,2960,31050,47.4326,-122.208,2014/5/20,2014,5,20
7852150120,20140520,3.84E+05,3,2.5,1700,4000,2,0,0,3,7,1700,0,2003,0,98065,1700,4417,47.5327,-121.871,2014/5/20,2014,5,20
1823069279,20140520,5.00E+05,5,3.5,3200,43560,2,0,0,3,7,3200,0,1989,0,98059,2730,43560,47.475,-122.093,2014/5/20,2014,5,20
7202340720,20140520,6.20E+05,3,2.5,2480,9041,2,0,0,3,7,2480,0,2004,0,98053,2480,6500,47.6797,-122.035,2014/5/20,2014,5,20
1253200170,20140520,2.50E+05,4,1.5,2500,6300,1,0,0,4,7,1500,1000,1961,0,98032,1720,8925,47.3781,-122.284,2014/5/20,2014,5,20
2326300010,20140520,3.76E+05,2,1,1150,4000,1,0,0,3,7,1150,0,1947,0,98199,1150,4288,47.6575,-122.394,2014/5/20,2014,5,20
7972000010,20140520,1.21E+05,3,1.75,1140,9628,1,0,0,4,7,1140,0,1969,0,98023,1510,9633,47.2933,-122.372,2014/5/20,2014,5,20
5366200460,20140520,6.20E+05,3,2.5,1700,4105,2,0,0,3,8,1700,0,1992,0,98122,1880,3665,47.6078,-122.292,2014/5/20,2014,5,20
7922900250,20140520,5.08E+05,3,2,2020,8118,1,0,0,3,7,1020,1000,1963,0,98008,1670,8118,47.5866,-122.118,2014/5/20,2014,5,20
7649900175,20140520,4.94E+05,4,1.75,2090,4300,1.5,0,0,4,7,1250,840,1925,0,98136,1670,5000,47.5555,-122.397,2014/5/20,2014,5,20
6056100383,20140520,3.80E+05,3,1.75,1690,1468,2,0,0,3,8,1380,310,2008,0,98108,1690,1936,47.563,-122.297,2014/5/20,2014,5,20
8024200685,20140520,4.40E+05,3,1.5,1270,1443,3,0,0,3,8,1270,0,2007,0,98115,1270,1413,47.699,-122.317,2014/5/20,2014,5,20
6056100380,20140520,4.15E+05,3,2.25,1970,2377,2,0,0,3,8,1680,290,2008,0,98108,1690,1936,47.5631,-122.297,2014/5/20,2014,5,20
2547200190,20140520,8.60E+05,4,2.75,3160,8097,2,0,0,3,9,3160,0,2014,0,98033,2200,8097,47.6709,-122.166,2014/5/20,2014,5,20
7974200948,20140520,9.53E+05,4,3.5,3120,5086,2,0,0,3,9,2480,640,2008,0,98115,1880,5092,47.6762,-122.288,2014/5/20,2014,5,20
3862710210,20140520,4.09E+05,3,2.5,1800,3168,2,0,0,3,8,1800,0,2014,0,98065,1800,3393,47.5342,-121.841,2014/5/20,2014,5,20
6169901185,20140520,4.90E+05,5,3.5,4460,2975,3,0,2,3,10,3280,1180,2015,0,98119,2490,4231,47.6313,-122.37,2014/5/20,2014,5,20
8562790760,20140520,7.85E+05,4,3.5,3070,4684,2,0,0,3,10,2190,880,2009,0,98027,2290,2664,47.5316,-122.076,2014/5/20,2014,5,20
6411600069,20140521,3.25E+05,3,1,990,6750,1,0,0,4,6,990,0,1947,0,98133,1440,6860,47.7125,-122.331,2014/5/21,2014,5,21
3905081070,20140521,5.36E+05,4,2.5,1900,5790,2,0,0,3,8,1900,0,1994,0,98029,2030,5790,47.5691,-121.996,2014/5/21,2014,5,21
7517500611,20140521,7.20E+05,3,2.5,2020,1159,3,0,3,3,8,2020,0,2000,0,98103,1920,3600,47.6617,-122.356,2014/5/21,2014,5,21
629810350,20140521,8.15E+05,4,2.75,3488,9614,2,0,0,3,10,3488,0,1998,0,98074,3600,10891,47.6055,-122.013,2014/5/21,2014,5,21
3352401981,20140521,1.99E+05,4,2,2030,8120,2,0,0,3,7,2030,0,1950,0,98178,1520,9440,47.4994,-122.261,2014/5/21,2014,5,21
8944750850,20140521,2.88E+05,3,2.25,1870,3230,2,0,0,3,7,1870,0,1997,0,98056,1620,3363,47.4915,-122.167,2014/5/21,2014,5,21
5525400300,20140521,6.19E+05,4,2.75,2450,14803,2,0,0,4,9,2450,0,1988,0,98059,2330,14803,47.5261,-122.162,2014/5/21,2014,5,21
7131300025,20140521,2.10E+05,3,1,1240,4842,1,0,0,4,6,1240,0,1916,0,98118,1540,5110,47.5166,-122.269,2014/5/21,2014,5,21
8561200110,20140521,5.13E+05,3,2.5,1900,7604,2,0,0,3,8,1900,0,1990,0,98033,1980,9583,47.7002,-122.188,2014/5/21,2014,5,21
8650300190,20140521,5.67E+05,3,2.5,2540,6093,2,0,0,3,9,2540,0,1999,0,98034,2540,5924,47.7042,-122.236,2014/5/21,2014,5,21
3329520170,20140521,2.50E+05,3,2,1170,7258,1,0,0,3,7,1170,0,1984,0,98001,1410,7750,47.3333,-122.266,2014/5/21,2014,5,21
2248000080,20140521,3.86E+05,3,2,1540,7947,1,0,0,3,7,1120,420,1961,0,98011,1910,7950,47.7605,-122.217,2014/5/21,2014,5,21
7387500185,20140521,2.50E+05,2,1,1140,5500,1,0,0,3,6,1140,0,1947,0,98106,1110,5500,47.5187,-122.363,2014/5/21,2014,5,21
1138000250,20140521,3.50E+05,3,1.5,980,7790,1,0,0,5,7,980,0,1969,0,98034,1390,7280,47.7141,-122.213,2014/5/21,2014,5,21
3438500430,20140521,2.70E+05,3,1.75,1390,10905,1,0,0,3,6,860,530,1957,0,98106,1390,10839,47.5517,-122.36,2014/5/21,2014,5,21
2111000580,20140521,3.00E+05,3,2.5,2720,6014,2,0,0,3,7,2720,0,2002,0,98092,2760,6537,47.3344,-122.174,2014/5/21,2014,5,21
2011400710,20140521,4.05E+05,3,1.75,2470,9620,1,0,1,4,7,1570,900,1962,0,98198,2600,9620,47.3996,-122.32,2014/5/21,2014,5,21
4174600055,20140521,3.60E+05,2,0.75,850,7710,1,0,2,5,6,550,300,1909,0,98108,2500,6022,47.5588,-122.301,2014/5/21,2014,5,21
9412700550,20140521,2.57E+05,3,2.5,1990,8991,1,0,0,3,7,1570,420,1969,0,98042,1920,8991,47.3939,-122.164,2014/5/21,2014,5,21
2806300070,20140521,9.75E+05,5,4,4850,36450,2,0,0,3,10,4850,0,1977,0,98005,3850,35325,47.6426,-122.158,2014/5/21,2014,5,21
7972604355,20140521,2.18E+05,3,1,1020,7874,1,0,0,3,7,1020,0,1956,0,98106,1290,7320,47.5175,-122.346,2014/5/21,2014,5,21
4406000390,20140521,2.55E+05,3,1.5,1060,9039,1,0,0,3,7,1060,0,1973,2013,98058,1410,9515,47.4293,-122.151,2014/5/21,2014,5,21
7222000209,20140521,3.45E+05,4,2.75,1800,5453,1,0,0,3,7,1050,750,2002,0,98055,1820,6900,47.4632,-122.209,2014/5/21,2014,5,21
8122600145,20140521,4.52E+05,4,2,1660,6150,1,0,0,3,6,850,810,1945,0,98126,1110,6250,47.5371,-122.368,2014/5/21,2014,5,21
625049281,20140521,5.35E+05,2,1,1030,4841,1,0,0,3,7,920,110,1939,0,98103,1530,4944,47.686,-122.341,2014/5/21,2014,5,21
7284900385,20140521,9.70E+05,4,3.25,2790,5420,1,0,3,3,9,1130,1660,1963,2013,98177,2530,7200,47.7698,-122.386,2014/5/21,2014,5,21
3797000035,20140521,4.30E+05,3,1,1150,3000,1,0,0,5,6,1150,0,1906,0,98103,1460,3200,47.6867,-122.345,2014/5/21,2014,5,21
5631500369,20140521,5.20E+05,4,2.5,3290,11446,2,0,0,3,8,3290,0,1992,0,98028,2050,11933,47.7399,-122.234,2014/5/21,2014,5,21
6306100190,20140521,2.20E+05,4,2.5,2160,8005,2,0,0,3,7,2160,0,1993,0,98001,1790,8016,47.2668,-122.231,2014/5/21,2014,5,21
2652501470,20140521,1.22E+06,4,2.5,3240,3600,2,0,0,3,9,2060,1180,2008,0,98109,1820,3600,47.6405,-122.356,2014/5/21,2014,5,21
1797500780,20140521,5.40E+05,3,2,1470,1691,2,0,0,3,8,1000,470,2007,0,98115,1660,4000,47.6743,-122.316,2014/5/21,2014,5,21
7732410130,20140521,6.00E+05,3,2.25,2230,9053,2,0,0,4,9,2230,0,1987,0,98007,2390,8038,47.6594,-122.144,2014/5/21,2014,5,21
291300010,20140521,3.90E+05,3,2.25,1445,1471,2,0,0,3,7,1300,145,2003,0,98027,1410,1399,47.5342,-122.072,2014/5/21,2014,5,21
8691330910,20140521,7.44E+05,4,2.75,2830,13059,2,0,0,3,10,2830,0,1998,0,98075,3840,11596,47.595,-121.986,2014/5/21,2014,5,21
1825079086,20140521,7.00E+05,4,2.5,3010,46173,2,0,0,3,9,3010,0,1996,0,98053,2590,49222,47.6471,-121.964,2014/5/21,2014,5,21
8732020720,20140521,3.19E+05,4,2.25,2000,9000,1,0,0,4,8,2000,0,1978,0,98023,2190,8374,47.3125,-122.387,2014/5/21,2014,5,21
7437100770,20140521,2.75E+05,3,2.5,2030,6326,2,0,0,3,7,2030,0,1993,0,98038,1810,6825,47.3491,-122.029,2014/5/21,2014,5,21
7568700740,20140521,4.30E+05,3,2.75,2550,11160,2,0,0,3,8,2550,0,1994,0,98155,1020,7440,47.7351,-122.323,2014/5/21,2014,5,21
123039364,20140521,3.00E+05,2,1,970,13700,1,0,0,3,6,970,0,1949,0,98106,1570,10880,47.515,-122.362,2014/5/21,2014,5,21
3424069066,20140521,3.96E+05,3,1.75,1540,12446,1,0,0,5,8,1540,0,1967,0,98027,1330,11508,47.5172,-122.027,2014/5/21,2014,5,21
164000261,20140521,7.00E+05,4,3.25,2780,7875,2,0,0,3,9,2780,0,2006,0,98133,1000,7500,47.7294,-122.352,2014/5/21,2014,5,21
3141600600,20140521,2.60E+05,6,2,2220,8797,1,0,0,3,7,2220,0,1977,0,98002,1170,5123,47.2977,-122.227,2014/5/21,2014,5,21
1525059198,20140521,1.19E+06,3,2.25,2760,40946,2,0,0,5,10,2760,0,1978,0,98005,3030,42253,47.6501,-122.164,2014/5/21,2014,5,21
3892500150,20140521,1.55E+06,3,2.5,4460,26027,2,0,0,3,12,4460,0,1992,0,98033,3770,26027,47.6573,-122.173,2014/5/21,2014,5,21
8562710550,20140521,9.50E+05,5,3.75,5330,6000,2,0,2,3,10,3570,1760,2006,0,98027,4420,5797,47.5401,-122.073,2014/5/21,2014,5,21
3760500407,20140521,1.03E+06,3,4,3880,13095,2,0,3,3,11,3700,180,2009,0,98034,3880,10830,47.6996,-122.233,2014/5/21,2014,5,21
3758900023,20140521,1.13E+06,4,3.25,3810,8519,1,0,1,3,10,2680,1130,2007,0,98033,3240,10748,47.699,-122.207,2014/5/21,2014,5,21
2791500270,20140522,2.44E+05,4,2.5,1980,7403,2,0,0,3,7,1980,0,1988,0,98023,1980,7510,47.2897,-122.372,2014/5/22,2014,5,22
9485951170,20140522,4.80E+05,4,2.25,3250,34293,2,0,0,4,9,3250,0,1983,0,98042,3110,35982,47.3496,-122.094,2014/5/22,2014,5,22
6623400135,20140522,3.24E+05,3,2.5,1750,7208,2,0,0,3,8,1750,0,1994,0,98055,2050,7524,47.4315,-122.192,2014/5/22,2014,5,22
2935400100,20140522,6.25E+05,3,1.75,2060,12558,1,0,0,4,7,1350,710,1984,0,98052,1850,8722,47.6659,-122.144,2014/5/22,2014,5,22
809000820,20140522,4.94E+05,2,1.75,1560,1750,1,0,0,4,6,780,780,1904,0,98109,1850,3600,47.6347,-122.355,2014/5/22,2014,5,22
3342700405,20140522,5.85E+05,4,1.75,3000,42200,1,0,3,3,7,1500,1500,1950,0,98056,2500,9821,47.5265,-122.202,2014/5/22,2014,5,22
1561930020,20140522,4.30E+05,4,3,3220,8936,2,0,0,3,9,2450,770,1990,0,98031,2810,10500,47.4208,-122.213,2014/5/22,2014,5,22
7695450010,20140522,6.05E+05,4,2.75,2750,14982,1,0,3,3,9,1720,1030,1981,0,98198,2860,16344,47.3566,-122.32,2014/5/22,2014,5,22
623049093,20140522,2.20E+05,3,1,910,6000,1,0,0,2,6,910,0,1956,0,98146,1090,6957,47.5065,-122.338,2014/5/22,2014,5,22
8641500280,20140522,2.70E+05,2,1.5,840,867,2,0,0,3,7,840,0,2005,0,98115,840,1322,47.6955,-122.304,2014/5/22,2014,5,22
4318200440,20140522,4.32E+05,3,2.25,1470,1578,2,0,0,3,8,1090,380,2007,0,98136,1470,1668,47.5388,-122.387,2014/5/22,2014,5,22
1148000190,20140522,2.50E+05,2,1,940,8532,1,0,0,4,7,940,0,1959,0,98166,1050,8100,47.4814,-122.343,2014/5/22,2014,5,22
8151600610,20140522,2.36E+05,2,1,740,11250,1,0,0,2,6,740,0,1938,0,98146,1390,11250,47.5036,-122.362,2014/5/22,2014,5,22
8835400805,20140522,6.57E+05,4,1.75,2740,8520,1,0,2,3,8,1370,1370,1954,0,98118,2740,9286,47.5445,-122.263,2014/5/22,2014,5,22
1939120450,20140522,6.58E+05,3,2.5,2670,10496,2,0,0,3,9,2670,0,1989,0,98074,2490,8636,47.6272,-122.026,2014/5/22,2014,5,22
4136880140,20140522,2.55E+05,4,2.75,2570,7264,2,0,0,3,8,1720,850,1998,0,98092,2420,7911,47.258,-122.208,2014/5/22,2014,5,22
6414100133,20140522,3.37E+05,3,1,1070,6109,1,0,0,5,7,1070,0,1951,0,98125,1170,7200,47.7207,-122.32,2014/5/22,2014,5,22
475000975,20140522,4.92E+05,4,2,1640,5000,2,0,0,3,7,1640,0,1907,1983,98107,1240,5000,47.6662,-122.365,2014/5/22,2014,5,22
3764800540,20140522,3.49E+05,3,1,1220,7876,1,0,0,3,7,1220,0,1966,0,98034,1340,7876,47.7317,-122.201,2014/5/22,2014,5,22
3185600040,20140522,1.80E+05,2,1,1400,4500,1,0,0,3,7,900,500,1922,0,98055,1400,5500,47.4866,-122.219,2014/5/22,2014,5,22
9407001320,20140522,2.95E+05,4,2,980,10640,1,0,0,5,7,980,0,1978,0,98045,1230,9750,47.4462,-121.773,2014/5/22,2014,5,22
1125059071,20140522,9.10E+05,4,3.25,3340,10890,1.5,0,0,3,9,2240,1100,1963,2000,98052,2880,9794,47.6677,-122.136,2014/5/22,2014,5,22
1424069069,20140522,1.15E+06,6,4.5,6040,219542,2,0,0,3,11,4100,1940,1996,0,98029,2010,32362,47.5622,-122.003,2014/5/22,2014,5,22
104560280,20140522,2.73E+05,4,3,1990,6180,2,0,0,3,7,1990,0,1990,0,98023,1910,6180,47.3083,-122.36,2014/5/22,2014,5,22
8731982630,20140522,2.40E+05,4,2.25,1720,8300,1,0,0,4,8,1720,0,1973,0,98023,2010,8000,47.3192,-122.385,2014/5/22,2014,5,22
1551500130,20140522,1.80E+05,4,1.5,1740,7292,1,0,0,3,7,1020,720,1962,0,98168,1740,7573,47.4787,-122.302,2014/5/22,2014,5,22
9185700414,20140522,1.18E+06,3,1.75,1610,7200,1,0,0,3,8,1090,520,1973,0,98112,3790,7200,47.6279,-122.287,2014/5/22,2014,5,22
7504000290,20140522,6.36E+05,4,2.5,3240,13978,1,0,0,3,9,1860,1380,1977,0,98074,3150,12767,47.6298,-122.057,2014/5/22,2014,5,22
6139800430,20140522,4.82E+05,5,2.25,2230,9600,1,0,0,3,8,1320,910,1978,0,98077,2080,9760,47.7466,-122.076,2014/5/22,2014,5,22
1177000130,20140522,8.05E+05,4,2.75,2410,6000,1,0,0,5,8,1410,1000,1950,0,98107,1760,6000,47.6707,-122.399,2014/5/22,2014,5,22
4067600255,20140522,3.98E+05,2,1,590,10945,1.5,0,0,3,5,590,0,1983,0,98010,2020,15180,47.3364,-122.033,2014/5/22,2014,5,22
7135521680,20140522,6.65E+05,4,2.5,2600,17388,2,0,0,3,9,2600,0,1996,0,98059,2950,11553,47.5283,-122.146,2014/5/22,2014,5,22
8563050110,20140522,5.93E+05,4,3,2170,8240,1,0,0,4,8,1370,800,1968,0,98052,2020,7944,47.6291,-122.093,2014/5/22,2014,5,22
5611500100,20140522,6.55E+05,4,2.5,2860,12394,2,0,0,3,10,2860,0,1999,0,98075,3070,8515,47.5832,-122.026,2014/5/22,2014,5,22
6909700437,20140522,3.53E+05,2,1,1060,1600,2,0,0,3,7,1060,0,1979,0,98144,1360,3360,47.5888,-122.294,2014/5/22,2014,5,22
2517000260,20140522,3.30E+05,4,3.5,3150,6202,2,0,0,3,7,3150,0,2005,0,98042,2950,5940,47.3993,-122.162,2014/5/22,2014,5,22
8073900070,20140522,4.08E+05,3,2.25,1950,7221,1,0,0,4,8,1950,0,2006,0,98188,2310,8125,47.431,-122.285,2014/5/22,2014,5,22
5710000005,20140522,2.15E+06,4,5.5,5060,10320,2,0,0,3,11,5060,0,2008,0,98004,3010,10080,47.6245,-122.21,2014/5/22,2014,5,22
603000926,20140522,3.80E+05,5,3.5,2420,4670,2,0,0,3,7,2420,0,2013,0,98118,1430,4468,47.5241,-122.285,2014/5/22,2014,5,22
7203110240,20140522,6.60E+05,3,2.5,2450,4332,2,0,0,3,8,2450,0,2010,0,98053,2450,4154,47.6942,-122.016,2014/5/22,2014,5,22
5393600562,20140522,4.30E+05,2,2.5,1520,1588,2,0,0,3,8,1240,280,2007,0,98144,1660,6000,47.5825,-122.313,2014/5/22,2014,5,22
546000875,20140523,4.60E+05,3,1,1670,4005,1.5,0,0,4,7,1170,500,1939,0,98117,1240,4005,47.6878,-122.38,2014/5/23,2014,5,23
3226200105,20140523,3.25E+05,3,1,1920,6862,1,0,2,3,7,1120,800,1952,0,98118,2000,6900,47.5193,-122.274,2014/5/23,2014,5,23
7123400045,20140523,2.25E+05,2,1,1300,11867,1.5,0,0,4,6,1300,0,1975,0,98010,820,11867,47.3221,-121.903,2014/5/23,2014,5,23
3622059155,20140523,2.35E+05,4,2.5,1810,39639,1,0,0,3,7,1230,580,1970,0,98042,1810,44866,47.3472,-122.11,2014/5/23,2014,5,23
8572900135,20140523,4.00E+05,3,1.75,2420,12676,2,0,0,3,7,2420,0,1911,1986,98045,1210,6769,47.4943,-121.789,2014/5/23,2014,5,23
3342101785,20140523,5.50E+05,3,2.5,2510,5400,2,0,0,3,9,2510,0,1992,0,98056,1840,5400,47.5204,-122.206,2014/5/23,2014,5,23
7977201707,20140523,5.26E+05,3,1.75,1680,3420,1,0,0,3,7,960,720,1992,0,98115,1680,4080,47.6854,-122.291,2014/5/23,2014,5,23
3211270170,20140523,4.04E+05,4,3,4060,35621,1,0,0,3,9,2030,2030,1989,0,98092,2950,35259,47.3059,-122.108,2014/5/23,2014,5,23
1782000130,20140523,3.83E+05,3,1,1800,5612,1,0,0,4,7,1200,600,1942,0,98126,1450,5250,47.525,-122.378,2014/5/23,2014,5,23
5711200170,20140523,5.35E+05,3,2.5,2210,7620,2,0,0,3,8,2210,0,1994,0,98052,1920,7440,47.6938,-122.13,2014/5/23,2014,5,23
9238500480,20140523,4.65E+05,4,2.75,2430,20720,1,0,0,3,7,2430,0,1967,0,98072,2580,26950,47.775,-122.139,2014/5/23,2014,5,23
3276930380,20140523,6.75E+05,4,2.5,2560,36601,2,0,0,4,9,2560,0,1987,0,98075,2790,36601,47.5851,-121.992,2014/5/23,2014,5,23
1473000020,20140523,4.16E+05,3,1.5,1110,9762,1,0,0,4,7,1110,0,1963,0,98052,1900,9720,47.676,-122.15,2014/5/23,2014,5,23
5244800895,20140523,5.95E+05,2,1.5,1030,4500,1,0,0,3,7,830,200,1924,0,98109,1250,4000,47.6455,-122.352,2014/5/23,2014,5,23
6623400246,20140523,2.00E+05,4,1,1350,11507,1,0,0,3,7,1350,0,1966,0,98055,1320,25675,47.4269,-122.197,2014/5/23,2014,5,23
3630010040,20140523,4.02E+05,3,2,1540,1827,2,0,0,3,8,1540,0,2005,0,98029,1540,1827,47.5479,-121.998,2014/5/23,2014,5,23
3322049201,20140523,2.75E+05,4,1.5,1930,15531,2,0,0,3,7,1930,0,1979,0,98003,1580,7800,47.345,-122.296,2014/5/23,2014,5,23
3840700455,20140523,4.10E+05,3,2,1650,9641,1.5,0,0,3,7,1650,0,1983,0,98034,1940,6701,47.7145,-122.231,2014/5/23,2014,5,23
486000510,20140523,1.33E+06,4,3,3370,7920,1,0,3,3,10,1860,1510,1988,0,98117,2730,7380,47.6773,-122.403,2014/5/23,2014,5,23
2450000320,20140523,6.07E+05,3,1,1230,8114,1,0,0,4,7,1230,0,1951,0,98004,2220,8114,47.5822,-122.196,2014/5/23,2014,5,23
2421059017,20140523,5.50E+05,4,3,2830,213879,2,0,0,4,8,2830,0,1987,0,98092,2250,213008,47.2925,-122.107,2014/5/23,2014,5,23
6087100070,20140523,6.61E+05,4,4,2290,6250,1.5,0,0,5,7,1690,600,1940,0,98116,1920,4335,47.5824,-122.384,2014/5/23,2014,5,23
3221059044,20140523,8.00E+05,4,3.5,4220,196817,2,0,0,3,10,4220,0,1993,0,98092,2500,195395,47.2642,-122.187,2014/5/23,2014,5,23
4014400237,20140523,1.33E+05,3,1,1080,10500,1,0,0,3,7,1080,0,1967,0,98001,1200,9607,47.32,-122.278,2014/5/23,2014,5,23
8562850150,20140523,4.67E+05,3,1.75,1620,8645,1,0,0,3,7,1190,430,1973,0,98052,2010,8645,47.6651,-122.151,2014/5/23,2014,5,23
5093300325,20140523,1.61E+06,4,3.5,4390,11600,2,0,3,3,11,3060,1330,1990,0,98040,3240,12000,47.5862,-122.246,2014/5/23,2014,5,23
2028700360,20140523,6.41E+05,3,1.75,1620,3975,1,0,0,5,7,940,680,1926,0,98117,1320,3922,47.6786,-122.368,2014/5/23,2014,5,23
7304301005,20140523,3.50E+05,3,1,1010,11244,1,0,0,4,7,1010,0,1947,0,98155,1220,11242,47.7467,-122.321,2014/5/23,2014,5,23
7626200235,20140523,4.65E+05,3,1.75,1120,5500,1.5,0,0,4,7,1120,0,1925,0,98136,1490,5500,47.5445,-122.391,2014/5/23,2014,5,23
7520000020,20140523,2.44E+05,4,1,1450,8960,1,0,0,3,6,1450,0,1943,0,98146,1160,7680,47.4972,-122.348,2014/5/23,2014,5,23
7202360170,20140523,7.89E+05,4,2.75,3500,7200,2,0,0,3,9,3500,0,2005,0,98053,3920,7666,47.6818,-122.025,2014/5/23,2014,5,23
1423049019,20140523,9.00E+04,2,1,580,7500,1,0,0,3,5,580,0,1943,0,98178,1700,11250,47.4852,-122.251,2014/5/23,2014,5,23
5075400150,20140523,5.85E+05,3,2,1670,4572,1.5,0,0,3,8,1670,0,1931,0,98117,1480,4890,47.6854,-122.373,2014/5/23,2014,5,23
5100400315,20140523,3.79E+05,2,1,800,6380,1,0,2,3,7,800,0,1940,0,98115,920,5940,47.691,-122.309,2014/5/23,2014,5,23
9221400600,20140523,4.62E+05,3,1.75,1300,2580,1,0,0,5,7,820,480,1919,0,98115,1180,2820,47.674,-122.319,2014/5/23,2014,5,23
2473530100,20140523,3.88E+05,4,2.5,2440,7155,2,0,0,3,8,2440,0,1993,0,98058,2450,8109,47.4501,-122.126,2014/5/23,2014,5,23
6071200455,20140523,5.50E+05,3,2,1830,9152,1,0,0,5,8,1830,0,1959,0,98006,1770,9220,47.5531,-122.181,2014/5/23,2014,5,23
3278600670,20140523,2.35E+05,2,1,1140,1730,1.5,0,0,3,8,1010,130,2007,0,98126,1360,1730,47.5494,-122.372,2014/5/23,2014,5,23
4310703083,20140523,3.55E+05,3,2,1220,1186,3,0,0,3,8,1220,0,2007,0,98103,1280,1251,47.6972,-122.341,2014/5/23,2014,5,23
4136920030,20140524,3.47E+05,4,1.5,2670,10026,2,0,0,3,8,2670,0,1996,0,98092,2420,11900,47.2659,-122.215,2014/5/24,2014,5,24
5126400230,20140524,1.99E+05,2,1,720,7200,1,0,0,5,6,720,0,1943,0,98058,970,8027,47.4763,-122.177,2014/5/24,2014,5,24
8732750100,20140525,3.25E+05,4,3.5,2630,3435,1.5,0,3,3,7,1640,990,1984,0,98188,1920,2435,47.4355,-122.272,2014/5/25,2014,5,25
766800090,20140525,1.95E+05,3,1.75,1570,8459,1,0,0,3,7,1570,0,1991,0,98022,1650,8844,47.2016,-122.006,2014/5/25,2014,5,25
2481600110,20140525,6.75E+05,3,3,2980,28000,1,0,0,3,10,1820,1160,1981,0,98052,2570,28500,47.7318,-122.139,2014/5/25,2014,5,25
6679000370,20140525,2.95E+05,3,2.5,1560,4200,2,0,0,3,7,1560,0,2003,0,98038,1560,4200,47.3838,-122.026,2014/5/25,2014,5,25
3438500339,20140526,2.76E+05,3,1,1140,5000,1,0,0,3,7,1140,0,1960,0,98106,1140,5000,47.5535,-122.362,2014/5/26,2014,5,26
4047200380,20140526,4.60E+05,2,1.5,2730,19877,1,0,0,4,8,1570,1160,1976,0,98019,1450,19509,47.7698,-121.898,2014/5/26,2014,5,26
3670500465,20140526,3.70E+05,3,2.5,1780,4050,2,0,0,3,7,1780,0,2001,0,98155,1571,4976,47.7346,-122.308,2014/5/26,2014,5,26
3709600180,20140526,3.46E+05,4,2.5,2100,3916,2,0,0,3,8,2100,0,2009,0,98058,2100,3916,47.4324,-122.185,2014/5/26,2014,5,26
8718500610,20140526,3.80E+05,3,1.5,1690,9144,1,0,0,4,7,1140,550,1956,0,98028,1840,10600,47.739,-122.253,2014/5/26,2014,5,26
9212900260,20140527,4.68E+05,2,1,1160,6000,1,0,0,4,7,860,300,1942,0,98115,1330,6000,47.69,-122.292,2014/5/27,2014,5,27
6380500135,20140527,3.26E+05,2,1,880,7683,1,0,0,3,6,880,0,1942,0,98177,1370,7695,47.7145,-122.361,2014/5/27,2014,5,27
4140900140,20140527,4.38E+05,3,1.75,1650,12940,1,0,0,4,7,1650,0,1961,0,98028,2830,12600,47.7629,-122.268,2014/5/27,2014,5,27
1250203335,20140527,1.05E+06,4,2.5,2920,7200,1,0,3,3,8,1470,1450,1921,2006,98144,3210,6825,47.5947,-122.288,2014/5/27,2014,5,27
7524950830,20140527,5.85E+05,3,1.75,1850,7735,1,0,0,4,8,1850,0,1983,0,98027,2220,7639,47.5608,-122.082,2014/5/27,2014,5,27
2172000750,20140527,1.60E+05,2,1,1180,9350,1,0,0,3,6,1180,0,1918,0,98178,1780,9306,47.4889,-122.259,2014/5/27,2014,5,27
5318100645,20140527,1.57E+06,4,3.75,3070,5850,2,0,0,5,9,2400,670,1927,0,98112,2940,5573,47.633,-122.283,2014/5/27,2014,5,27
8691410100,20140527,7.35E+05,5,2.75,3390,5211,2,0,0,3,9,3390,0,2004,0,98075,3210,5211,47.5977,-121.981,2014/5/27,2014,5,27
2473450430,20140527,3.99E+05,4,2.5,2870,9292,2,0,0,3,8,2540,330,1979,0,98058,2590,7533,47.4522,-122.123,2014/5/27,2014,5,27
7522500020,20140527,7.30E+05,3,2,1840,4750,1,0,0,5,7,1010,830,1951,0,98117,1760,5510,47.6862,-122.395,2014/5/27,2014,5,27
1137410040,20140527,5.15E+05,4,2.5,3200,6473,2,0,0,3,7,3200,0,2005,0,98059,2480,6140,47.5012,-122.15,2014/5/27,2014,5,27
7970800100,20140527,2.83E+05,4,2.5,1982,6406,2,0,0,3,8,1982,0,2004,0,98030,2340,6501,47.3636,-122.192,2014/5/27,2014,5,27
7923300310,20140527,4.95E+05,4,2.25,1940,9144,1,0,0,4,7,1430,510,1956,0,98007,1460,9437,47.5942,-122.135,2014/5/27,2014,5,27
8564500240,20140527,4.15E+05,5,1.5,1900,10226,1,0,0,3,7,1130,770,1961,0,98034,1690,10227,47.7226,-122.227,2014/5/27,2014,5,27
191100672,20140527,1.38E+06,4,3.75,3160,9525,2.5,0,0,3,10,3160,0,1997,0,98040,2400,9525,47.5623,-122.221,2014/5/27,2014,5,27
1246700251,20140527,8.57E+05,4,3,3720,29043,2,0,0,3,9,3720,0,1991,0,98033,1610,23000,47.6907,-122.161,2014/5/27,2014,5,27
2608300035,20140527,3.29E+05,3,1,1600,5952,1,0,0,4,7,1150,450,1964,0,98106,1460,6200,47.5292,-122.362,2014/5/27,2014,5,27
2561360120,20140527,4.75E+05,3,2,1230,11502,1,0,0,4,7,1230,0,1984,0,98052,1660,11727,47.7017,-122.127,2014/5/27,2014,5,27
9297300395,20140527,4.35E+05,3,1,1270,4000,1.5,0,2,3,7,1270,0,1928,0,98126,1560,4000,47.5695,-122.376,2014/5/27,2014,5,27
7011201475,20140527,7.80E+05,3,3,2520,2152,1.5,0,0,3,8,1560,960,1925,2006,98119,1140,2152,47.6363,-122.371,2014/5/27,2014,5,27
3524049042,20140527,3.75E+05,3,1.5,2000,7294,1,0,0,3,7,1520,480,1965,0,98118,2000,6000,47.5297,-122.267,2014/5/27,2014,5,27
2924069132,20140527,5.28E+05,3,1.75,2310,78844,1,0,0,3,8,1760,550,1977,0,98027,2830,6230,47.5406,-122.066,2014/5/27,2014,5,27
1193000280,20140527,9.94E+05,3,2.25,2510,6339,1.5,0,2,5,8,1810,700,1932,0,98199,1820,5741,47.6496,-122.391,2014/5/27,2014,5,27
2425069069,20140527,5.87E+05,3,2.25,2370,217800,2,0,0,3,7,2370,0,1979,0,98053,3100,86248,47.6364,-121.984,2014/5/27,2014,5,27
3211200290,20140527,3.04E+05,3,1,900,7500,1,0,0,4,7,900,0,1972,0,98034,1960,7500,47.7314,-122.237,2014/5/27,2014,5,27
1441600020,20140527,9.60E+05,5,4,3720,15200,2,0,0,3,10,3720,0,2005,0,98075,4100,19036,47.5956,-122.026,2014/5/27,2014,5,27
7785000230,20140527,9.70E+05,5,3,3480,15185,2,0,0,4,8,3480,0,1964,0,98040,3030,14257,47.5757,-122.216,2014/5/27,2014,5,27
1931300850,20140527,4.27E+05,2,1,920,3780,1,0,0,3,6,920,0,1910,0,98103,1570,2640,47.6576,-122.348,2014/5/27,2014,5,27
7445000115,20140527,7.25E+05,3,1.5,2500,4774,1.5,0,2,3,7,1450,1050,1940,0,98107,1300,4000,47.6567,-122.358,2014/5/27,2014,5,27
3621059043,20140527,2.93E+05,4,2.5,3250,235063,1,0,2,3,9,3250,0,1973,0,98092,1600,44287,47.2582,-122.113,2014/5/27,2014,5,27
1446400615,20140527,2.68E+05,4,2,1930,6600,1,0,0,4,7,1030,900,1967,0,98168,1220,6600,47.482,-122.332,2014/5/27,2014,5,27
3223039229,20140527,4.75E+05,4,3.5,3400,234352,2,0,0,3,8,2500,900,1991,0,98070,1300,39639,47.4335,-122.449,2014/5/27,2014,5,27
2856101105,20140527,4.88E+05,3,2.5,1590,2550,3,0,0,3,7,1590,0,1985,0,98117,1260,5100,47.6772,-122.393,2014/5/27,2014,5,27
325059277,20140527,7.60E+05,4,2.5,3330,7399,2,0,0,3,9,3330,0,2009,0,98052,2640,8601,47.679,-122.153,2014/5/27,2014,5,27
9492500090,20140527,7.55E+05,3,2.5,2610,7256,2,0,0,3,9,2610,0,2014,0,98033,2610,7206,47.695,-122.18,2014/5/27,2014,5,27
4181200680,20140527,2.64E+05,3,2.5,1658,2700,2,0,0,3,8,1658,0,2014,0,98198,1658,2700,47.3667,-122.307,2014/5/27,2014,5,27
3753000030,20140527,4.00E+05,3,3,1296,1051,3,0,0,3,8,1296,0,2009,0,98125,1520,1939,47.7175,-122.284,2014/5/27,2014,5,27
7852070210,20140527,1.15E+06,4,3,5940,11533,2,0,4,3,11,4950,990,2004,0,98065,4240,12813,47.5443,-121.87,2014/5/27,2014,5,27
3331000035,20140527,4.95E+05,3,2.5,1750,1548,3,0,0,3,9,1750,0,2013,0,98118,1750,3960,47.5532,-122.282,2014/5/27,2014,5,27
3526069070,20140528,7.99E+05,4,3,2580,209523,2,0,0,3,8,2580,0,1984,0,98053,3440,213444,47.6932,-122.006,2014/5/28,2014,5,28
4298100070,20140528,6.30E+05,4,2.5,2740,43101,2,0,0,3,9,2740,0,1993,0,98077,2740,33447,47.7649,-122.049,2014/5/28,2014,5,28
7227500830,20140528,1.51E+05,2,1,720,4222,1,0,0,4,5,720,0,1942,0,98056,860,4785,47.4965,-122.186,2014/5/28,2014,5,28
8651580310,20140528,6.21E+05,3,2.25,2180,7741,2,0,0,3,9,2180,0,1986,0,98074,2300,8581,47.6482,-122.072,2014/5/28,2014,5,28
3649100473,20140528,3.65E+05,3,1.5,1300,12240,1,0,0,3,7,1300,0,1963,0,98028,2040,9326,47.737,-122.243,2014/5/28,2014,5,28
4278900055,20140528,5.99E+05,4,2.75,2020,2750,1,0,0,3,8,1010,1010,1917,2014,98122,1840,4000,47.6053,-122.291,2014/5/28,2014,5,28
9371700125,20140528,2.54E+05,2,1,1060,8187,1,0,0,4,6,1060,0,1952,0,98133,1260,8188,47.7508,-122.349,2014/5/28,2014,5,28
9471200115,20140528,1.29E+06,4,2.5,3240,10800,1,0,0,3,10,2260,980,1946,0,98105,3490,10800,47.6709,-122.262,2014/5/28,2014,5,28
1235700042,20140528,5.37E+05,3,2.5,1550,12920,2,0,0,5,7,1550,0,1999,0,98033,2610,10800,47.6973,-122.194,2014/5/28,2014,5,28
1312200080,20140528,2.24E+05,3,1.5,1560,7300,1,0,0,4,7,1040,520,1964,0,98001,1460,7910,47.3427,-122.281,2014/5/28,2014,5,28
1324300091,20140528,3.70E+05,3,1,800,2296,1,0,0,4,6,800,0,1908,0,98103,1480,1472,47.6546,-122.356,2014/5/28,2014,5,28
303100080,20140528,2.45E+05,3,1.75,1300,7958,1,0,0,3,7,1300,0,1996,0,98092,1640,8698,47.3162,-122.194,2014/5/28,2014,5,28
6163900981,20140528,2.20E+05,3,1,1180,5002,1.5,0,0,3,7,1180,0,1946,0,98155,1470,8410,47.7529,-122.324,2014/5/28,2014,5,28
3425059141,20140528,9.99E+05,7,4,3150,34830,1,0,0,3,9,3150,0,1957,2005,98007,2390,12054,47.6029,-122.147,2014/5/28,2014,5,28
5706600150,20140528,2.15E+05,3,1.75,1210,8075,1,0,0,4,6,1210,0,1983,0,98001,1310,8025,47.2666,-122.254,2014/5/28,2014,5,28
5127001170,20140528,2.66E+05,3,1.5,1430,9600,1,0,0,4,7,1430,0,1966,0,98059,1590,10240,47.4737,-122.15,2014/5/28,2014,5,28
1322049335,20140528,2.45E+05,3,2.5,2060,4030,2,0,0,3,7,2060,0,1999,0,98032,2060,4029,47.3909,-122.238,2014/5/28,2014,5,28
3222059187,20140528,4.60E+05,4,3,2230,52983,2,0,0,3,8,2230,0,1991,0,98030,2060,8755,47.3577,-122.195,2014/5/28,2014,5,28
1321720140,20140528,3.70E+05,4,2.5,3090,18645,2,0,0,3,9,3090,0,1995,0,98023,3610,20114,47.2902,-122.342,2014/5/28,2014,5,28
5152700060,20140528,4.65E+05,6,3.25,4250,23326,1,0,3,3,10,2150,2100,1967,0,98003,3370,15983,47.34,-122.327,2014/5/28,2014,5,28
7936500172,20140528,1.18E+06,3,2.5,1970,23180,1,1,4,3,8,1100,870,1937,1998,98136,3030,34689,47.5495,-122.398,2014/5/28,2014,5,28
5699000070,20140528,1.40E+06,4,3.25,2980,7000,2,0,3,3,10,2140,840,1900,2014,98144,2200,4800,47.5933,-122.292,2014/5/28,2014,5,28
2826049117,20140528,4.39E+05,3,1.75,1610,6480,1,0,0,4,7,1610,0,1947,0,98125,1230,8040,47.7137,-122.307,2014/5/28,2014,5,28
6822100030,20140528,5.89E+05,3,1,1110,6000,1.5,0,0,5,7,1110,0,1932,0,98199,1420,6000,47.6496,-122.403,2014/5/28,2014,5,28
5467910140,20140528,4.80E+05,3,2,1980,12150,1,0,0,3,9,1980,0,1994,0,98042,2200,12150,47.3657,-122.152,2014/5/28,2014,5,28
5347200162,20140528,2.10E+05,2,1.5,880,1157,2,0,0,3,7,880,0,2007,0,98126,1070,1203,47.5188,-122.376,2014/5/28,2014,5,28
1794501415,20140528,8.41E+05,3,2,2520,5400,1.5,0,0,4,8,1410,1110,1906,0,98119,1960,5400,47.6365,-122.361,2014/5/28,2014,5,28
7663700968,20140528,5.65E+05,7,4.5,4140,9066,1,0,0,3,7,2070,2070,1978,0,98125,1440,1865,47.7302,-122.291,2014/5/28,2014,5,28
2524049318,20140528,2.00E+06,4,3,4260,18000,2,0,2,3,11,4260,0,2000,0,98040,3540,17015,47.5355,-122.24,2014/5/28,2014,5,28
7435500085,20140528,3.80E+05,3,2,1660,8281,1,0,0,3,7,1660,0,1949,0,98136,1660,7559,47.5568,-122.382,2014/5/28,2014,5,28
1931300870,20140528,3.55E+05,2,1,1270,3200,1,0,0,4,7,960,310,1920,0,98103,1410,1320,47.6565,-122.348,2014/5/28,2014,5,28
9211520150,20140528,2.36E+05,4,2.25,1830,9485,1,0,0,4,7,1200,630,1989,0,98023,1730,10109,47.2995,-122.387,2014/5/28,2014,5,28
1695900150,20140528,7.00E+05,2,1.75,2320,5500,1.5,0,2,3,8,1720,600,1925,2000,98144,2380,5000,47.586,-122.292,2014/5/28,2014,5,28
8045600130,20140528,4.25E+05,4,2.75,1680,9545,1,0,0,4,7,1080,600,1979,0,98028,1890,9545,47.739,-122.243,2014/5/28,2014,5,28
5700000275,20140528,6.35E+05,3,2.5,2300,5500,1.5,0,0,4,8,2000,300,1921,0,98144,2100,5000,47.5785,-122.293,2014/5/28,2014,5,28
8081900101,20140528,9.60E+05,4,2.25,2410,4560,2,0,2,5,9,1800,610,1929,0,98117,2150,5100,47.6796,-122.402,2014/5/28,2014,5,28
2215901190,20140528,2.54E+05,3,2,1480,7480,1,0,0,4,7,1480,0,1992,0,98038,1680,7146,47.3542,-122.055,2014/5/28,2014,5,28
7418700050,20140528,2.99E+05,3,1,1390,9624,1.5,0,0,4,7,1390,0,1954,0,98155,1440,9624,47.7758,-122.301,2014/5/28,2014,5,28
522059327,20140528,1.58E+05,2,1,740,9003,1,0,0,3,5,740,0,1949,0,98031,1230,8050,47.4217,-122.197,2014/5/28,2014,5,28
2215500080,20140528,5.80E+05,5,2,1940,6000,1,0,0,5,7,970,970,1945,0,98115,1700,6000,47.6875,-122.287,2014/5/28,2014,5,28
2436700280,20140528,8.40E+05,4,1.75,2330,4000,2,0,0,5,8,1300,1030,1924,0,98105,2040,4000,47.666,-122.289,2014/5/28,2014,5,28
1972200698,20140528,4.75E+05,2,3.25,1400,1243,3,0,0,3,8,1400,0,2000,0,98103,1400,1335,47.6534,-122.353,2014/5/28,2014,5,28
3890600150,20140528,4.65E+05,3,2.25,1840,5752,2,0,0,3,7,1840,0,2003,0,98034,1670,2462,47.7042,-122.187,2014/5/28,2014,5,28
4058800215,20140528,4.30E+05,3,3.75,3890,7140,1,0,2,3,8,2390,1500,1943,2007,98178,1820,7320,47.5073,-122.239,2014/5/28,2014,5,28
3584000180,20140528,2.53E+05,3,2,1400,8640,1,0,0,5,7,1400,0,1968,0,98003,1270,9375,47.3182,-122.319,2014/5/28,2014,5,28
1824079107,20140528,7.40E+05,4,2.25,2920,46355,2,0,0,4,9,2920,0,1998,0,98024,2310,184694,47.569,-121.962,2014/5/28,2014,5,28
9268710220,20140528,1.87E+05,2,2,1390,1302,2,0,0,3,7,1390,0,1986,0,98003,1390,1302,47.3089,-122.33,2014/5/28,2014,5,28
9136100056,20140528,8.75E+05,3,2.75,2280,4280,1,0,0,5,7,1280,1000,1917,0,98103,1650,4280,47.6685,-122.335,2014/5/28,2014,5,28
7853280550,20140528,7.00E+05,4,3.5,4490,5099,2,0,0,3,9,3390,1100,2006,0,98065,4290,5537,47.5394,-121.861,2014/5/28,2014,5,28
6192410550,20140528,7.39E+05,3,2.5,2810,5400,2,0,0,3,9,2810,0,2005,0,98052,2870,5400,47.7065,-122.118,2014/5/28,2014,5,28
2867300190,20140528,3.63E+05,4,2.5,3753,7204,2,0,0,3,10,3336,417,2008,0,98023,3494,9375,47.3011,-122.385,2014/5/28,2014,5,28
6865200140,20140529,4.85E+05,4,1,1600,4300,1.5,0,0,4,7,1600,0,1916,0,98103,1610,4300,47.6648,-122.343,2014/5/29,2014,5,29
4027700812,20140529,4.52E+05,4,2.25,2590,10002,1,0,0,4,8,1340,1250,1968,0,98028,1550,10436,47.7689,-122.266,2014/5/29,2014,5,29
5152100060,20140529,4.72E+05,6,2.5,4410,14034,1,0,2,4,9,2350,2060,1965,0,98003,2600,13988,47.3376,-122.324,2014/5/29,2014,5,29
1840000030,20140529,2.68E+05,3,1.75,1590,11914,1,0,2,3,7,1090,500,1957,0,98188,1630,9052,47.4427,-122.274,2014/5/29,2014,5,29
6979900390,20140529,5.65E+05,4,2.5,2440,22594,2,0,0,3,8,2440,0,1996,0,98053,2560,33341,47.6333,-121.97,2014/5/29,2014,5,29
9528104108,20140529,5.35E+05,3,2.5,1360,1016,3,0,0,3,7,1310,50,2003,0,98115,1365,1156,47.6774,-122.324,2014/5/29,2014,5,29
5101405274,20140529,3.89E+05,2,1,910,7000,1,0,0,3,7,910,0,1952,0,98115,1260,7528,47.6999,-122.305,2014/5/29,2014,5,29
3034200058,20140529,4.00E+05,4,1.5,1390,7200,1,0,0,3,7,1140,250,1965,0,98133,1630,7702,47.7224,-122.332,2014/5/29,2014,5,29
3905010140,20140529,6.90E+05,4,2.5,2920,9904,2,0,0,4,9,2920,0,1990,0,98029,1810,5617,47.5759,-121.995,2014/5/29,2014,5,29
1721069036,20140529,4.12E+05,3,1.75,1950,52256,1,0,0,4,8,1950,0,1985,0,98042,2450,51836,47.3133,-122.078,2014/5/29,2014,5,29
1432400060,20140529,2.30E+05,2,1,950,7560,1,0,0,3,6,950,0,1958,0,98058,1160,7560,47.4499,-122.176,2014/5/29,2014,5,29
1820069019,20140529,3.02E+05,2,1,900,423838,1,0,2,5,6,900,0,1925,0,98022,1810,94960,47.228,-122.088,2014/5/29,2014,5,29
7015200615,20140529,8.20E+05,4,2.25,2280,6660,1.5,0,2,3,8,1960,320,1940,1984,98119,1720,5336,47.6503,-122.368,2014/5/29,2014,5,29
6099400053,20140529,1.45E+05,3,1,1010,5490,1,0,0,3,6,1010,0,1954,0,98168,1740,10658,47.4762,-122.293,2014/5/29,2014,5,29
3693900985,20140529,4.37E+05,2,1,1260,5000,1,0,0,3,7,1040,220,1951,0,98117,1510,5000,47.6782,-122.397,2014/5/29,2014,5,29
203100625,20140529,6.72E+05,3,2.5,2620,21587,2,0,0,3,7,2620,0,1992,0,98053,2570,23650,47.6384,-121.959,2014/5/29,2014,5,29
6300000337,20140529,5.50E+05,5,2,2450,9488,1,0,0,4,7,1240,1210,1900,1955,98133,1310,5693,47.7056,-122.34,2014/5/29,2014,5,29
9542801990,20140529,2.67E+05,4,1.75,1880,7632,1,0,0,4,7,1180,700,1978,0,98023,1840,8528,47.3068,-122.372,2014/5/29,2014,5,29
2877102651,20140529,6.19E+05,4,2,2300,3400,1.5,0,0,5,8,1550,750,1915,0,98117,1670,4200,47.678,-122.361,2014/5/29,2014,5,29
9465910190,20140529,6.00E+05,3,1.75,2930,19876,1,0,0,3,9,2030,900,1993,0,98072,2740,11499,47.7443,-122.17,2014/5/29,2014,5,29
7135520610,20140529,9.50E+05,4,3.5,4140,13392,2,0,0,3,11,4140,0,2000,0,98059,4140,11529,47.5261,-122.144,2014/5/29,2014,5,29
7883603425,20140529,1.55E+05,3,1,1250,6250,1,0,0,2,7,1030,220,1949,0,98108,1130,6250,47.5292,-122.323,2014/5/29,2014,5,29
2570500230,20140529,4.00E+05,5,2,1930,9747,1,0,0,4,7,1020,910,1962,0,98028,2040,9370,47.7743,-122.235,2014/5/29,2014,5,29
2570300240,20140529,4.05E+05,5,1.75,1880,10000,1,0,0,3,7,960,920,1963,0,98034,1580,10000,47.7182,-122.201,2014/5/29,2014,5,29
2025049114,20140529,4.02E+05,2,1,710,1173,2,0,0,4,7,710,0,1943,0,98102,1370,1173,47.6412,-122.329,2014/5/29,2014,5,29
8029500450,20140529,3.00E+05,3,2.5,2080,9827,2,0,0,3,8,2080,0,1989,0,98023,2660,9861,47.3058,-122.394,2014/5/29,2014,5,29
8567450180,20140529,5.25E+05,5,2.5,2630,9216,2,0,0,3,8,2630,0,2003,0,98019,2020,4980,47.7379,-121.966,2014/5/29,2014,5,29
7203600530,20140529,5.25E+05,3,3,2600,5238,1.5,0,3,3,9,1890,710,1989,0,98198,2220,4853,47.3448,-122.327,2014/5/29,2014,5,29
8146300020,20140529,7.23E+05,4,2.25,1960,8680,1,0,0,4,8,1290,670,1959,0,98004,2160,8680,47.6076,-122.192,2014/5/29,2014,5,29
922069169,20140529,5.03E+05,3,2,2590,108900,2,0,0,3,8,1980,610,1988,0,98038,3170,108900,47.4088,-122.055,2014/5/29,2014,5,29
4139400630,20140529,8.60E+05,3,2.5,2770,9136,2,0,0,3,10,2770,0,1991,0,98006,2890,8442,47.5605,-122.115,2014/5/29,2014,5,29
4039800080,20140529,1.36E+06,5,3.5,5960,13703,2,0,2,3,10,4770,1190,1984,0,98008,2810,17320,47.6151,-122.107,2014/5/29,2014,5,29
7853310590,20140529,6.58E+05,4,2.75,3310,6166,2,0,0,3,9,3310,0,2008,0,98065,3200,7027,47.521,-121.877,2014/5/29,2014,5,29
2485000100,20140529,6.85E+05,3,1.75,1940,7313,1,0,1,4,8,1440,500,1960,0,98136,2160,7200,47.5239,-122.387,2014/5/29,2014,5,29
7436700090,20140529,4.50E+05,4,2.75,2320,4344,2,0,0,3,8,2320,0,2012,0,98059,2310,3770,47.4862,-122.163,2014/5/29,2014,5,29
923049203,20140529,3.50E+05,4,2.5,2040,22653,2,0,0,3,7,2040,0,2011,0,98168,2020,20502,47.4991,-122.299,2014/5/29,2014,5,29
6021503698,20140529,3.05E+05,2,2.25,1000,905,3,0,0,3,8,1000,0,2006,0,98117,980,1023,47.6842,-122.387,2014/5/29,2014,5,29
8562890700,20140530,3.95E+05,4,2.5,2910,5000,2,0,0,3,8,2910,0,2002,0,98042,2740,5045,47.3782,-122.127,2014/5/30,2014,5,30
3797000830,20140530,4.25E+05,3,1.75,1680,3000,1,0,2,4,6,840,840,1900,0,98103,1540,3700,47.686,-122.346,2014/5/30,2014,5,30
7856410430,20140530,1.39E+06,6,2.75,5700,20000,1,0,4,4,10,2850,2850,1977,0,98006,3690,15700,47.5601,-122.16,2014/5/30,2014,5,30
8856920250,20140530,3.50E+05,3,2.5,2200,7278,2,0,0,3,8,2200,0,1990,0,98058,2190,8580,47.4624,-122.132,2014/5/30,2014,5,30
7972601900,20140530,3.00E+05,3,1,1210,9525,1,0,0,3,7,1210,0,1955,0,98106,1680,7620,47.5274,-122.345,2014/5/30,2014,5,30
4077800026,20140530,7.15E+05,4,1.75,3420,7200,1,0,3,5,8,1770,1650,1947,0,98125,2450,6200,47.7081,-122.277,2014/5/30,2014,5,30
2568300266,20140530,6.59E+05,4,2.5,3190,11375,1,0,0,5,8,2210,980,1946,0,98125,1100,8500,47.704,-122.3,2014/5/30,2014,5,30
6126601445,20140530,4.90E+05,3,1.75,1920,5405,1,0,2,4,7,960,960,1947,0,98126,1190,5405,47.5583,-122.38,2014/5/30,2014,5,30
8682262170,20140530,4.15E+05,2,1.75,1340,4664,1,0,0,3,8,1340,0,2004,0,98053,1350,4236,47.7182,-122.034,2014/5/30,2014,5,30
5035300834,20140530,7.50E+05,3,1.75,1700,8400,1,0,0,3,8,1460,240,1947,0,98199,2010,7000,47.6534,-122.415,2014/5/30,2014,5,30
6431000015,20140530,7.00E+05,4,2.5,2310,3570,1.5,0,0,3,7,1490,820,1927,2014,98103,1580,3060,47.6889,-122.347,2014/5/30,2014,5,30
7504100110,20140530,6.42E+05,3,2.5,2670,10082,1,0,0,3,10,2670,0,1987,0,98074,2740,10854,47.6359,-122.045,2014/5/30,2014,5,30
1687910100,20140530,6.55E+05,4,2.25,2060,8470,1,0,0,3,8,1440,620,1983,0,98006,2180,8978,47.5605,-122.124,2014/5/30,2014,5,30
1775801090,20140530,4.65E+05,4,2.25,1820,20349,1,0,0,5,8,1340,480,1977,0,98072,1270,12800,47.7415,-122.096,2014/5/30,2014,5,30
9284801165,20140530,3.15E+05,3,2,1060,5750,1,0,0,3,7,1060,0,1981,0,98126,1080,5750,47.5523,-122.372,2014/5/30,2014,5,30
824059042,20140530,1.89E+06,5,3.5,4180,17935,2,0,0,3,11,4180,0,2004,0,98004,2950,13760,47.5873,-122.202,2014/5/30,2014,5,30
1775920210,20140530,3.74E+05,3,1,1200,9800,1,0,0,4,7,1200,0,1971,0,98072,1220,10220,47.7412,-122.109,2014/5/30,2014,5,30
1133000385,20140530,7.40E+05,5,3.75,3990,18897,2,0,0,3,8,3090,900,1937,2010,98125,2080,9793,47.7228,-122.31,2014/5/30,2014,5,30
4364700730,20140530,2.80E+05,2,1,1880,7560,1,0,0,3,6,940,940,1919,0,98126,1280,7560,47.5261,-122.374,2014/5/30,2014,5,30
